<?xml version="1.0" encoding="UTF-8"?><collection xmlns="http://www.loc.gov/MARC21/slim"><record><leader>04318nam a2200000uu 4500</leader><controlfield tag="001">80000312</controlfield><controlfield tag="003">DE-Frei129</controlfield><controlfield tag="005">20220811084009.0</controlfield><controlfield tag="007">tu</controlfield><controlfield tag="008">100407s2010    ||||||||||||||||||||ger||</controlfield><datafield tag="015" ind1=" " ind2=" "><subfield code="a">10,A09</subfield></datafield><datafield tag="016" ind1="7" ind2=" "><subfield code="a">993892884</subfield><subfield code="2">DE-101</subfield></datafield><datafield tag="020" ind1=" " ind2=" "><subfield code="a">9783492254441</subfield><subfield code="9">9783492254441</subfield><subfield code="c">kart. : EUR 9.95 (DE), EUR 10.30 (AT), sfr 16.90 (freier Pr.)</subfield></datafield><datafield tag="024" ind1="3" ind2=" "><subfield code="a">9783492254441</subfield></datafield><datafield tag="035" ind1=" " ind2=" "><subfield code="a">(DE-576)1602419779</subfield></datafield><datafield tag="041" ind1=" " ind2=" "><subfield code="a">ger</subfield></datafield><datafield tag="044" ind1=" " ind2=" "><subfield code="c">XA-DE-BY</subfield><subfield code="c">XA-CH</subfield></datafield><datafield tag="100" ind1="1" ind2=" "><subfield code="a">Wickert, Ulrich</subfield><subfield code="0">(DE-Frei129)00059583</subfield><subfield code="0">(DE-588)11911447X</subfield><subfield code="4">aut</subfield></datafield><datafield tag="245" ind1="1" ind2="4"><subfield code="a">Der Ehrliche ist der Dumme</subfield><subfield code="b">über den Verlust der Werte</subfield><subfield code="c">Ulrich Wickert</subfield></datafield><datafield tag="250" ind1=" " ind2=" "><subfield code="a">Ungekürzte Taschenbuchausg.</subfield></datafield><datafield tag="260" ind1="3" ind2=" "><subfield code="a">München ; Zürich</subfield><subfield code="b">Piper</subfield><subfield code="c">2010</subfield></datafield><datafield tag="300" ind1=" " ind2=" "><subfield code="a">272 Seiten</subfield><subfield code="c">19 cm</subfield></datafield><datafield tag="490" ind1="0" ind2=" "><subfield code="a">Piper </subfield><subfield code="v">5444</subfield></datafield><datafield tag="500" ind1=" " ind2=" "><subfield code="a">Literaturangaben</subfield></datafield><datafield tag="650" ind1=" " ind2="7"><subfield code="a">Germany</subfield><subfield code="0">(DE-Frei129)00220613</subfield><subfield code="2">local</subfield></datafield><datafield tag="650" ind1=" " ind2="7"><subfield code="a">Social values</subfield><subfield code="0">(DE-Frei129)00240037</subfield><subfield code="2">local</subfield></datafield><datafield tag="650" ind1=" " ind2="7"><subfield code="a">Social ethics</subfield><subfield code="0">(DE-Frei129)00245188</subfield><subfield code="2">local</subfield></datafield><datafield tag="650" ind1=" " ind2="7"><subfield code="a">Wertwandel</subfield><subfield code="0">(DE-Frei129)00037817</subfield><subfield code="0">(DE-588)4117636-4</subfield><subfield code="2">gnd</subfield></datafield><datafield tag="651" ind1=" " ind2="7"><subfield code="a">Deutschland</subfield><subfield code="0">(DE-Frei129)00005806</subfield><subfield code="0">(DE-588)4011882-4</subfield><subfield code="2">gnd</subfield></datafield><datafield tag="689" ind1="0" ind2="0"><subfield code="0">(DE-588)4011882-4</subfield><subfield code="D">g</subfield><subfield code="a">Deutschland </subfield></datafield><datafield tag="689" ind1="0" ind2="1"><subfield code="0">(DE-588)4117636-4</subfield><subfield code="D">s</subfield><subfield code="a">Wertwandel</subfield><subfield code="5">DE-101</subfield></datafield><datafield tag="852" ind1=" " ind2=" "><subfield code="a">Frei 129</subfield><subfield code="b">PHFR</subfield><subfield code="c">CC 7250 W636</subfield></datafield><datafield tag="856" ind1="4" ind2=" "><subfield code="8">00</subfield><subfield code="u">http://d-nb.info/993892884/04</subfield><subfield code="y">Inhaltsverzeichnis</subfield></datafield><datafield tag="980" ind1="0" ind2=" "><subfield code="a">00210677</subfield><subfield code="9">(PHFR)</subfield><subfield code="b">UG (33)</subfield><subfield code="c">Pol E 180: 102</subfield><subfield code="d">Standardleihe (01)</subfield><subfield code="e">Verfügbar (X)</subfield></datafield></record>