
<record><leader>05118nam a2200000uu 4500</leader><controlfield tag="001">60541794</controlfield><controlfield tag="003">DE-Frei129</controlfield><controlfield tag="005">20220811084009.0</controlfield><controlfield tag="007">tu</controlfield><controlfield tag="008">100603s2010    ||||||||||||||||||||eng||</controlfield><datafield tag="020" ind1=" " ind2=" "><subfield code="a">9781412813419</subfield><subfield code="9">9781412813419</subfield><subfield code="c">(pbk.) £25.50</subfield></datafield><datafield tag="020" ind1=" " ind2=" "><subfield code="a">9781412813419</subfield><subfield code="9">9781412813419</subfield></datafield><datafield tag="020" ind1=" " ind2=" "><subfield code="a">1412813417</subfield><subfield code="9">1412813417</subfield><subfield code="c">(pbk.) £25.50</subfield></datafield><datafield tag="024" ind1="3" ind2=" "><subfield code="a">9781412813419</subfield></datafield><datafield tag="035" ind1=" " ind2=" "><subfield code="a">(DE-576)1603310711</subfield></datafield><datafield tag="041" ind1=" " ind2=" "><subfield code="a">eng</subfield></datafield><datafield tag="245" ind1="1" ind2="0"><subfield code="a">Moral dilemmas and ethical reasoning</subfield><subfield code="c">Carol Gibb Harding, ed.</subfield></datafield><datafield tag="250" ind1=" " ind2=" "><subfield code="a">1. Transaction paperback print.</subfield></datafield><datafield tag="260" ind1="3" ind2=" "><subfield code="a">New Brunswick (U.S.A.) [u.a.]</subfield><subfield code="b">Transaction Publ.</subfield><subfield code="c">2010</subfield></datafield><datafield tag="300" ind1=" " ind2=" "><subfield code="a">XV, 198 Seiten</subfield><subfield code="b">graph. Darst.</subfield></datafield><datafield tag="500" ind1=" " ind2=" "><subfield code="a">Includes bibliographical references and index</subfield></datafield><datafield tag="500" ind1=" " ind2=" "><subfield code="a">Archivierung prüfen</subfield></datafield><datafield tag="650" ind1=" " ind2="7"><subfield code="a">Ethik</subfield><subfield code="0">(DE-Frei129)00003966</subfield><subfield code="0">(DE-588)4015602-3</subfield><subfield code="2">gnd</subfield></datafield><datafield tag="650" ind1=" " ind2="7"><subfield code="a">Moralische Entwicklung</subfield><subfield code="0">(DE-Frei129)00063414</subfield><subfield code="0">(DE-588)4170537-3</subfield><subfield code="2">gnd</subfield></datafield><datafield tag="650" ind1=" " ind2="7"><subfield code="a">Philosophie</subfield><subfield code="0">(DE-Frei129)00000763</subfield><subfield code="0">(DE-588)4045791-6</subfield><subfield code="2">gnd</subfield></datafield><datafield tag="650" ind1=" " ind2="7"><subfield code="a">Psychologie</subfield><subfield code="0">(DE-Frei129)00001360</subfield><subfield code="0">(DE-588)4047704-6</subfield><subfield code="2">gnd</subfield></datafield><datafield tag="650" ind1=" " ind2="7"><subfield code="a">Ethics</subfield><subfield code="0">(DE-Frei129)00238331</subfield><subfield code="2">local</subfield></datafield><datafield tag="650" ind1=" " ind2="7"><subfield code="a">Moral development</subfield><subfield code="0">(DE-Frei129)00243650</subfield><subfield code="2">local</subfield></datafield><datafield tag="689" ind1="0" ind2="0"><subfield code="0">(DE-588)4015602-3</subfield><subfield code="D">s</subfield><subfield code="a">Ethik </subfield></datafield><datafield tag="689" ind1="0" ind2="1"><subfield code="0">(DE-588)4170537-3</subfield><subfield code="D">s</subfield><subfield code="a">Moralische Entwicklung </subfield></datafield><datafield tag="689" ind1="0" ind2="2"><subfield code="0">(DE-588)4045791-6</subfield><subfield code="D">s</subfield><subfield code="a">Philosophie </subfield></datafield><datafield tag="689" ind1="0" ind2="3"><subfield code="0">(DE-588)4047704-6</subfield><subfield code="D">s</subfield><subfield code="a">Psychologie</subfield><subfield code="5">DE-101</subfield></datafield><datafield tag="689" ind1="1" ind2="0"><subfield code="A">s</subfield><subfield code="a">Ethics</subfield><subfield code="5">DE-101</subfield></datafield><datafield tag="689" ind1="2" ind2="0"><subfield code="A">s</subfield><subfield code="a">Moral development</subfield><subfield code="5">DE-101</subfield></datafield><datafield tag="700" ind1="1" ind2=" "><subfield code="0">(DE-Frei129)58905602</subfield><subfield code="a">Harding, Carol Gibb</subfield><subfield code="4">Hrsg.</subfield></datafield><datafield tag="852" ind1=" " ind2=" "><subfield code="a">Frei 129</subfield><subfield code="b">PHFR</subfield><subfield code="c">CC 7250 H263</subfield></datafield><datafield tag="856" ind1="4" ind2=" "><subfield code="8">00</subfield><subfield code="u">http://swbplus.bsz-bw.de/bsz323881041inh.htm</subfield><subfield code="y">Inhaltsverzeichnis</subfield></datafield><datafield tag="980" ind1="0" ind2=" "><subfield code="a">00492495</subfield><subfield code="9">(PHFR)</subfield><subfield code="b">EG-Anbau (32)</subfield><subfield code="c">CC 7250 H263</subfield><subfield code="d">Standardleihe (01)</subfield><subfield code="e">ausgeliehen (A) - Fälligkeitsdatum: 06.09.2022</subfield></datafield></record>