
<record><leader>06137nam a2200000uu 4500</leader><controlfield tag="001">60540992</controlfield><controlfield tag="003">DE-Frei129</controlfield><controlfield tag="005">20220811084009.0</controlfield><controlfield tag="007">tu</controlfield><controlfield tag="008">111007s2010    ||||||||||||||||||||eng||</controlfield><datafield tag="020" ind1=" " ind2=" "><subfield code="a">9780521622066</subfield><subfield code="9">9780521622066</subfield><subfield code="c">hbk.</subfield></datafield><datafield tag="020" ind1=" " ind2=" "><subfield code="a">9780521627320</subfield><subfield code="9">9780521627320</subfield><subfield code="c">pbk. : £22.99</subfield></datafield><datafield tag="035" ind1=" " ind2=" "><subfield code="a">(DE-576)669460214</subfield></datafield><datafield tag="041" ind1=" " ind2=" "><subfield code="a">eng</subfield></datafield><datafield tag="044" ind1=" " ind2=" "><subfield code="c">XA-GB</subfield><subfield code="c">XD-US</subfield><subfield code="c">XE-AU</subfield></datafield><datafield tag="100" ind1="1" ind2=" "><subfield code="a">DeNora, Tia</subfield><subfield code="0">(DE-Frei129)00550163</subfield><subfield code="0">(DE-588)115576339</subfield></datafield><datafield tag="245" ind1="1" ind2="0"><subfield code="a">Music in everyday life</subfield><subfield code="c">Tia DeNora</subfield></datafield><datafield tag="250" ind1=" " ind2=" "><subfield code="a">9. print.</subfield></datafield><datafield tag="260" ind1="3" ind2=" "><subfield code="a">Cambridge [u.a.]</subfield><subfield code="b">Cambridge University Press</subfield><subfield code="c">2010</subfield></datafield><datafield tag="300" ind1=" " ind2=" "><subfield code="a">XIII, 181 Seiten</subfield><subfield code="b">graph. Darst., Notenbeisp.</subfield><subfield code="c">24 cm</subfield></datafield><datafield tag="500" ind1=" " ind2=" "><subfield code="a">Bibliogr.S. 164 - 176</subfield></datafield><datafield tag="500" ind1=" " ind2=" "><subfield code="a">IMD-Felder maschinell generiert (GBV)</subfield></datafield><datafield tag="500" ind1=" " ind2=" "><subfield code="a">Archivierung prüfen</subfield></datafield><datafield tag="650" ind1=" " ind2="7"><subfield code="a">Music</subfield><subfield code="0">(DE-Frei129)00242080</subfield><subfield code="2">local</subfield></datafield><datafield tag="650" ind1=" " ind2="7"><subfield code="a">Social aspects</subfield><subfield code="0">(DE-Frei129)00220793</subfield><subfield code="2">local</subfield></datafield><datafield tag="650" ind1=" " ind2="7"><subfield code="a">Psychological aspects</subfield><subfield code="0">(DE-Frei129)00228295</subfield><subfield code="2">local</subfield></datafield><datafield tag="650" ind1=" " ind2="7"><subfield code="a">Musik</subfield><subfield code="0">(DE-Frei129)00006756</subfield><subfield code="0">(DE-588)4040802-4</subfield><subfield code="2">gnd</subfield></datafield><datafield tag="650" ind1=" " ind2="7"><subfield code="a">Soziologie</subfield><subfield code="0">(DE-Frei129)00006868</subfield><subfield code="0">(DE-588)4077624-4</subfield><subfield code="2">gnd</subfield></datafield><datafield tag="650" ind1=" " ind2="7"><subfield code="a">Psychologie</subfield><subfield code="0">(DE-Frei129)00001360</subfield><subfield code="0">(DE-588)4047704-6</subfield><subfield code="2">gnd</subfield></datafield><datafield tag="650" ind1=" " ind2="7"><subfield code="a">Alltag</subfield><subfield code="0">(DE-Frei129)00001097</subfield><subfield code="0">(DE-588)4001307-8</subfield><subfield code="2">gnd</subfield></datafield><datafield tag="650" ind1=" " ind2="7"><subfield code="a">Soziale Funktion</subfield><subfield code="0">(DE-Frei129)00081440</subfield><subfield code="0">(DE-588)4289518-2</subfield><subfield code="2">gnd</subfield></datafield><datafield tag="689" ind1="0" ind2="0"><subfield code="A">s</subfield><subfield code="a">Music </subfield></datafield><datafield tag="689" ind1="0" ind2="1"><subfield code="A">s</subfield><subfield code="a">Social aspects</subfield><subfield code="5">DE-101</subfield></datafield><datafield tag="689" ind1="1" ind2="0"><subfield code="A">s</subfield><subfield code="a">Music </subfield></datafield><datafield tag="689" ind1="1" ind2="1"><subfield code="A">s</subfield><subfield code="a">Psychological aspects</subfield><subfield code="5">DE-101</subfield></datafield><datafield tag="689" ind1="2" ind2="0"><subfield code="0">(DE-588)4040802-4</subfield><subfield code="D">s</subfield><subfield code="a">Musik </subfield></datafield><datafield tag="689" ind1="2" ind2="1"><subfield code="0">(DE-588)4077624-4</subfield><subfield code="D">s</subfield><subfield code="a">Soziologie </subfield></datafield><datafield tag="689" ind1="2" ind2="2"><subfield code="0">(DE-588)4047704-6</subfield><subfield code="D">s</subfield><subfield code="a">Psychologie</subfield><subfield code="5">DE-101</subfield></datafield><datafield tag="689" ind1="3" ind2="0"><subfield code="0">(DE-588)4040802-4</subfield><subfield code="D">s</subfield><subfield code="a">Musik </subfield></datafield><datafield tag="689" ind1="3" ind2="1"><subfield code="0">(DE-588)4001307-8</subfield><subfield code="D">s</subfield><subfield code="a">Alltag </subfield></datafield><datafield tag="689" ind1="3" ind2="2"><subfield code="0">(DE-588)4289518-2</subfield><subfield code="D">s</subfield><subfield code="a">Soziale Funktion</subfield><subfield code="5">DE-101</subfield></datafield><datafield tag="852" ind1=" " ind2=" "><subfield code="a">Frei 129</subfield><subfield code="b">PHFR</subfield><subfield code="c">LR 56600 D413</subfield></datafield><datafield tag="856" ind1="4" ind2=" "><subfield code="8">00</subfield><subfield code="u">http://www.gbv.de/dms/bowker/toc/9780521622066.pdf</subfield><subfield code="y">Inhaltsverzeichnis</subfield></datafield><datafield tag="980" ind1="0" ind2=" "><subfield code="a">00492447</subfield><subfield code="9">(PHFR)</subfield><subfield code="b">3.OG (37)</subfield><subfield code="c">LR 56600 D413</subfield><subfield code="d">Standardleihe (01)</subfield><subfield code="e">ausgeliehen (A) - Fälligkeitsdatum: 06.09.2022</subfield></datafield></record>