
<record><leader>04860nem a2200000uuc4500</leader><controlfield tag="001">60061300</controlfield><controlfield tag="003">DE-Frei129</controlfield><controlfield tag="005">20220811084009.0</controlfield><controlfield tag="007">a|||||||</controlfield><controlfield tag="008">100622s2010    ||||||||||||||||||||ger||</controlfield><datafield tag="020" ind1=" " ind2=" "><subfield code="a">9783141000375</subfield><subfield code="9">9783141000375</subfield><subfield code="c">(Atlas)</subfield></datafield><datafield tag="020" ind1=" " ind2=" "><subfield code="a">9783141000207</subfield><subfield code="9">9783141000207</subfield><subfield code="c">(Arbeitsh.)</subfield></datafield><datafield tag="035" ind1=" " ind2=" "><subfield code="a">(DE-576)629726728</subfield></datafield><datafield tag="041" ind1=" " ind2=" "><subfield code="a">ger</subfield></datafield><datafield tag="044" ind1=" " ind2=" "><subfield code="c">XA-DE-NI</subfield></datafield><datafield tag="245" ind1="1" ind2="0"><subfield code="a">Diercke-Grundschulatlas</subfield><subfield code="n">[Hauptbd.]</subfield></datafield><datafield tag="250" ind1=" " ind2=" "><subfield code="a">Bayern, 1. Aufl., Dr. A</subfield></datafield><datafield tag="260" ind1="3" ind2=" "><subfield code="a">Braunschweig</subfield><subfield code="b">Westermann</subfield><subfield code="c">2010</subfield></datafield><datafield tag="300" ind1=" " ind2=" "><subfield code="a">61 Seiten</subfield><subfield code="b">Ill., graph. Darst., überw. Kt.</subfield><subfield code="e">Arbeitsh. mit Diercke-Reisepass (15 S.)</subfield></datafield><datafield tag="500" ind1=" " ind2=" "><subfield code="a">Hier auch später erschienene, unveränderte Nachdrucke und Auflagen</subfield></datafield><datafield tag="500" ind1=" " ind2=" "><subfield code="a">IMD-Felder maschinell generiert (GBV)</subfield></datafield><datafield tag="500" ind1=" " ind2=" "><subfield code="a">Archivierung prüfen</subfield></datafield><datafield tag="500" ind1=" " ind2=" "><subfield code="a">DE-640 (1)</subfield></datafield><datafield tag="650" ind1=" " ind2="7"><subfield code="a">Heimatkundeunterricht</subfield><subfield code="0">(DE-Frei129)00010866</subfield><subfield code="0">(DE-588)4024116-6</subfield><subfield code="2">gnd</subfield></datafield><datafield tag="650" ind1=" " ind2="7"><subfield code="a">Sachunterricht</subfield><subfield code="0">(DE-Frei129)00010867</subfield><subfield code="0">(DE-588)4051158-3</subfield><subfield code="2">gnd</subfield></datafield><datafield tag="650" ind1=" " ind2="7"><subfield code="a">Grundschule</subfield><subfield code="0">(DE-Frei129)00010240</subfield><subfield code="0">(DE-588)4022349-8</subfield><subfield code="2">gnd</subfield></datafield><datafield tag="651" ind1=" " ind2="7"><subfield code="a">Berlin</subfield><subfield code="0">(DE-Frei129)00003318</subfield><subfield code="0">(DE-588)4005728-8</subfield><subfield code="2">gnd</subfield></datafield><datafield tag="651" ind1=" " ind2="7"><subfield code="a">Deutschland</subfield><subfield code="0">(DE-Frei129)00005806</subfield><subfield code="0">(DE-588)4011882-4</subfield><subfield code="2">gnd</subfield></datafield><datafield tag="689" ind1="0" ind2="0"><subfield code="0">(DE-588)4024116-6</subfield><subfield code="D">s</subfield><subfield code="a">Heimatkundeunterricht </subfield></datafield><datafield tag="689" ind1="0" ind2="1"><subfield code="0">(DE-588)4051158-3</subfield><subfield code="D">s</subfield><subfield code="a">Sachunterricht </subfield></datafield><datafield tag="689" ind1="0" ind2="2"><subfield code="0">(DE-588)4022349-8</subfield><subfield code="D">s</subfield><subfield code="a">Grundschule </subfield></datafield><datafield tag="689" ind1="0" ind2="3"><subfield code="0">(DE-588)4005728-8</subfield><subfield code="D">g</subfield><subfield code="a">Berlin </subfield></datafield><datafield tag="689" ind1="0" ind2="4"><subfield code="0">(DE-588)4011882-4</subfield><subfield code="D">g</subfield><subfield code="a">Deutschland</subfield><subfield code="5">DE-101</subfield></datafield><datafield tag="700" ind1="1" ind2=" "><subfield code="0">(DE-Frei129)58726340</subfield><subfield code="a">Elbert, Martina</subfield><subfield code="4">oth</subfield></datafield><datafield tag="773" ind1="0" ind2="8"><subfield code="w">(DE-Frei129)60061301</subfield><subfield code="q">H.2010</subfield></datafield><datafield tag="852" ind1=" " ind2=" "><subfield code="a">Frei 129</subfield><subfield code="b">PHFR</subfield><subfield code="c">RB 10226 D563 E3</subfield></datafield><datafield tag="980" ind1="0" ind2=" "><subfield code="a">00481718</subfield><subfield code="9">(PHFR)</subfield><subfield code="b">EG-Anbau (32)</subfield><subfield code="c">RB 10226 D563 E3</subfield><subfield code="d">Standardleihe (01)</subfield><subfield code="e">Verfügbar (X)</subfield></datafield></record>