
<record><leader>04799nam a2200000uu 4500</leader><controlfield tag="001">59156656</controlfield><controlfield tag="003">DE-Frei129</controlfield><controlfield tag="005">20220811084010.0</controlfield><controlfield tag="007">tu</controlfield><controlfield tag="008">191011s2010    ||||||||||||||||||||ger||</controlfield><datafield tag="020" ind1=" " ind2=" "><subfield code="a">9783125140738</subfield><subfield code="9">9783125140738</subfield><subfield code="c">PONS</subfield></datafield><datafield tag="035" ind1=" " ind2=" "><subfield code="a">(DE-576)167876325X</subfield></datafield><datafield tag="040" ind1=" " ind2=" "><subfield code="e">rda</subfield></datafield><datafield tag="041" ind1=" " ind2=" "><subfield code="a">ger</subfield><subfield code="a">spa</subfield></datafield><datafield tag="044" ind1=" " ind2=" "><subfield code="c">XA-DE-BW</subfield></datafield><datafield tag="245" ind1="1" ind2="0"><subfield code="a">Langenscheidt Handwörterbuch Spanisch</subfield><subfield code="b">Spanisch-Deutsch, Deutsch-Spanisch</subfield><subfield code="c">Originalfassung Spanisch-Deutsch: Prof. Dr. Günther Haensch, Dr. Heinz Müller, Deutsch-Spanisch: Gisela Haberkamp de Antón, Prof. Enrique Alvarez-Prada ; Aktualisierung Natalie Thomas, Dr. Charlotte Frei, Ulrich Florian</subfield></datafield><datafield tag="246" ind1="1" ind2="0"><subfield code="a">Handwörterbuch Spanisch</subfield></datafield><datafield tag="246" ind1="1" ind2="1"><subfield code="a">Langenscheidt diccionario grande alemán : Español-Alemán, Alemán-Español</subfield></datafield><datafield tag="250" ind1=" " ind2=" "><subfield code="a">Neubearbeitung 2010, 1. Auflage, [Nachdruck] 2019</subfield></datafield><datafield tag="264" ind1=" " ind2="3"><subfield code="a">Leck</subfield><subfield code="b">CPI - Clausen &amp; Bosse</subfield><subfield code="c">2019</subfield></datafield><datafield tag="264" ind1=" " ind2="4"><subfield code="a">Stuttgart</subfield><subfield code="b">Langenscheidt</subfield><subfield code="c">2010</subfield></datafield><datafield tag="300" ind1=" " ind2=" "><subfield code="a">1488 Seiten</subfield></datafield><datafield tag="336" ind1=" " ind2=" "><subfield code="a">text</subfield><subfield code="b">txt</subfield><subfield code="2">rdacontent</subfield></datafield><datafield tag="337" ind1=" " ind2=" "><subfield code="a">unmediated</subfield><subfield code="b">n</subfield><subfield code="2">rdamedia</subfield></datafield><datafield tag="338" ind1=" " ind2=" "><subfield code="a">volume</subfield><subfield code="b">nc</subfield><subfield code="2">rdacarrier</subfield></datafield><datafield tag="500" ind1=" " ind2=" "><subfield code="a">Ursprünglich erschienen Wien, München [u.a.] : Langenscheidt. - Nachdruck © PONS GmbH, Stuttgart</subfield></datafield><datafield tag="500" ind1=" " ind2=" "><subfield code="a">Erlaubte Dublette gemäß Bestimmungen für Nachdrucke (Ausnahmeregel Pflichtexemplarbibliotheken)</subfield></datafield><datafield tag="500" ind1=" " ind2=" "><subfield code="a">Archivierung/Langzeitarchivierung gewährleistet</subfield></datafield><datafield tag="650" ind1=" " ind2="7"><subfield code="a">Spanisch</subfield><subfield code="0">(DE-Frei129)00032377</subfield><subfield code="0">(DE-588)4077640-2</subfield><subfield code="2">gnd</subfield></datafield><datafield tag="650" ind1=" " ind2="7"><subfield code="a">Deutsch</subfield><subfield code="0">(DE-Frei129)00001208</subfield><subfield code="0">(DE-588)4113292-0</subfield><subfield code="2">gnd</subfield></datafield><datafield tag="689" ind1="0" ind2="0"><subfield code="0">(DE-588)4077640-2</subfield><subfield code="D">s</subfield><subfield code="a">Spanisch </subfield></datafield><datafield tag="689" ind1="0" ind2="1"><subfield code="0">(DE-588)4113292-0</subfield><subfield code="D">s</subfield><subfield code="a">Deutsch</subfield><subfield code="5">DE-101</subfield></datafield><datafield tag="700" ind1="1" ind2=" "><subfield code="0">(DE-588)11578120X</subfield><subfield code="0">(DE-Frei129)00020698</subfield><subfield code="a">Haensch, Günther</subfield><subfield code="4">oth</subfield></datafield><datafield tag="700" ind1="1" ind2=" "><subfield code="0">(DE-Frei129)00568070</subfield><subfield code="a">Thomas, Natalie</subfield><subfield code="4">Hrsg.</subfield></datafield><datafield tag="852" ind1=" " ind2=" "><subfield code="a">Frei 129</subfield><subfield code="b">PHFR</subfield><subfield code="c">IM 6865 L275</subfield></datafield><datafield tag="980" ind1="0" ind2=" "><subfield code="a">00474711</subfield><subfield code="9">(PHFR)</subfield><subfield code="b">2.OG (35)</subfield><subfield code="c">IM 6865 L275</subfield><subfield code="d">Präsenzbestand II (51)</subfield><subfield code="e">Verfügbar (X)</subfield></datafield></record>