
<record><leader>03457nam a2200000uu 4500</leader><controlfield tag="001">59150288</controlfield><controlfield tag="003">DE-Frei129</controlfield><controlfield tag="005">20220811084010.0</controlfield><controlfield tag="007">tu</controlfield><controlfield tag="008">100312s2010    ||||||||||||||||||||ger||</controlfield><datafield tag="035" ind1=" " ind2=" "><subfield code="a">(DE-576)621052256</subfield></datafield><datafield tag="041" ind1=" " ind2=" "><subfield code="a">ger</subfield><subfield code="h">eng</subfield></datafield><datafield tag="044" ind1=" " ind2=" "><subfield code="c">XA-DE-NI</subfield><subfield code="c">XA-CH</subfield><subfield code="c">XA-AT</subfield></datafield><datafield tag="245" ind1="1" ind2="0"><subfield code="a">Fleishman-Job-Analyse-System für eigenschaftsbezogene Anforderungsanalysen</subfield><subfield code="b">F-JAS ; deutschsprachige Bearbeitung des Fleishman job analysis survey by Edwin A. Fleishman ; Manual</subfield><subfield code="c">von Martin Kleinmann ...</subfield></datafield><datafield tag="246" ind1="1" ind2="0"><subfield code="a">F-JAS</subfield></datafield><datafield tag="246" ind1="1" ind2="3"><subfield code="a">Fleishman job analysis survey</subfield></datafield><datafield tag="260" ind1="3" ind2=" "><subfield code="a">Göttingen [u.a.]</subfield><subfield code="b">Huber, Hans</subfield><subfield code="c">2010</subfield></datafield><datafield tag="300" ind1=" " ind2=" "><subfield code="a">51 Seiten</subfield><subfield code="b">graph. Darst.</subfield><subfield code="e">Beil. in Mappe</subfield></datafield><datafield tag="500" ind1=" " ind2=" "><subfield code="a">Literaturverz. S. 39 - 42</subfield></datafield><datafield tag="500" ind1=" " ind2=" "><subfield code="a">Beil.: 1 Skalenheft, 1 Instruktionsheft, Antwortbogen, Ergebnisbogen, Profilbogen</subfield></datafield><datafield tag="500" ind1=" " ind2=" "><subfield code="a">IMD-Felder maschinell generiert (GBV)</subfield></datafield><datafield tag="650" ind1=" " ind2="7"><subfield code="a">Personalpsychologie</subfield><subfield code="0">(DE-Frei129)00112505</subfield><subfield code="0">(DE-588)4784219-2</subfield><subfield code="2">gnd</subfield></datafield><datafield tag="689" ind1="0" ind2="0"><subfield code="0">(DE-588)4784219-2</subfield><subfield code="D">s</subfield><subfield code="a">Personalpsychologie</subfield><subfield code="5">DE-101</subfield></datafield><datafield tag="700" ind1="1" ind2=" "><subfield code="0">(DE-588)115870091</subfield><subfield code="0">(DE-Frei129)00091971</subfield><subfield code="a">Kleinmann, Martin</subfield><subfield code="4">oth</subfield></datafield><datafield tag="700" ind1="1" ind2=" "><subfield code="0">(DE-588)17207682X</subfield><subfield code="0">(DE-Frei129)01518291</subfield><subfield code="a">Fleishman, Edwin A.</subfield><subfield code="4">oth</subfield></datafield><datafield tag="852" ind1=" " ind2=" "><subfield code="a">Frei 129</subfield><subfield code="b">PHFR</subfield><subfield code="c">Psy T 700: 21</subfield></datafield><datafield tag="980" ind1="0" ind2=" "><subfield code="a">00474346</subfield><subfield code="9">(PHFR)</subfield><subfield code="b">Handbibliothek (50)</subfield><subfield code="c">Psy T 700: 21</subfield><subfield code="d">Handbibliothek - nie verleihbar (54)</subfield><subfield code="e">Verfügbar (X)</subfield><subfield code="x">nur für berechtigten Benutzerkreis; Testmappe komplett</subfield></datafield></record>