
<record><leader>05880nam a2200000uu 4500</leader><controlfield tag="001">58504855</controlfield><controlfield tag="003">DE-Frei129</controlfield><controlfield tag="005">20220811084010.0</controlfield><controlfield tag="007">tu</controlfield><controlfield tag="008">190104s2010    ||||||||||||||||||||ger||</controlfield><datafield tag="020" ind1=" " ind2=" "><subfield code="a">9783120112792</subfield><subfield code="9">9783120112792</subfield></datafield><datafield tag="035" ind1=" " ind2=" "><subfield code="a">(DE-576)1645307093</subfield></datafield><datafield tag="041" ind1=" " ind2=" "><subfield code="a">ger</subfield></datafield><datafield tag="044" ind1=" " ind2=" "><subfield code="c">XA-DE</subfield></datafield><datafield tag="245" ind1="1" ind2="4"><subfield code="a">Die Fermi-Box</subfield><subfield code="n">5. bis 7. Klasse, Lehrerkommentar. [...]</subfield><subfield code="c">Andreas Büchter; Wilfried Herget; Timo Leuders; Jan Müller</subfield></datafield><datafield tag="250" ind1=" " ind2=" "><subfield code="a">1. Auflage</subfield></datafield><datafield tag="260" ind1="3" ind2=" "><subfield code="a">Stuttgart</subfield><subfield code="a">Stuttgart ; [Leipzig]</subfield><subfield code="b">Verlag für Pädagogische Medien (VPM)</subfield><subfield code="b">Klett</subfield><subfield code="c">2010</subfield></datafield><datafield tag="300" ind1=" " ind2=" "><subfield code="a">80 Aufgabenkarten, 4 Strategiekarten (in Box)</subfield><subfield code="b">Ill</subfield><subfield code="e">Lehrerkommentar (208 S.) (in Box)</subfield></datafield><datafield tag="490" ind1="0" ind2=" "><subfield code="a">Mathematik lehren</subfield></datafield><datafield tag="500" ind1=" " ind2=" "><subfield code="a">Literaturverz. S. 206 - 207. - Hier auch später erschienene, unveränderte Nachdrucke</subfield></datafield><datafield tag="500" ind1=" " ind2=" "><subfield code="a">Archivierung/Langzeitarchivierung gewährleistet</subfield></datafield><datafield tag="500" ind1=" " ind2=" "><subfield code="a">Archivierung prüfen</subfield></datafield><datafield tag="650" ind1=" " ind2="7"><subfield code="a">Mathematikunterricht</subfield><subfield code="0">(DE-Frei129)00016130</subfield><subfield code="0">(DE-588)4037949-8</subfield><subfield code="2">gnd</subfield></datafield><datafield tag="650" ind1=" " ind2="7"><subfield code="a">Alltagswissen</subfield><subfield code="0">(DE-Frei129)00035345</subfield><subfield code="0">(DE-588)4112497-2</subfield><subfield code="2">gnd</subfield></datafield><datafield tag="650" ind1=" " ind2="7"><subfield code="a">Mathematik</subfield><subfield code="0">(DE-Frei129)00000979</subfield><subfield code="0">(DE-588)4037944-9</subfield><subfield code="2">gnd</subfield></datafield><datafield tag="650" ind1=" " ind2="7"><subfield code="a">Aufgabe</subfield><subfield code="0">(DE-Frei129)00042496</subfield><subfield code="0">(DE-588)4126116-1</subfield><subfield code="2">gnd</subfield></datafield><datafield tag="650" ind1=" " ind2="7"><subfield code="a">Problemlösen</subfield><subfield code="0">(DE-Frei129)00007026</subfield><subfield code="0">(DE-588)4076358-4</subfield><subfield code="2">gnd</subfield></datafield><datafield tag="650" ind1=" " ind2="7"><subfield code="a">Sekundarstufe 1</subfield><subfield code="0">(DE-Frei129)00021625</subfield><subfield code="0">(DE-588)4054365-1</subfield><subfield code="2">gnd</subfield></datafield><datafield tag="689" ind1="0" ind2="0"><subfield code="0">(DE-588)4037949-8</subfield><subfield code="D">s</subfield><subfield code="a">Mathematikunterricht </subfield></datafield><datafield tag="689" ind1="0" ind2="1"><subfield code="0">(DE-588)4112497-2</subfield><subfield code="D">s</subfield><subfield code="a">Alltagswissen</subfield><subfield code="5">DE-101</subfield></datafield><datafield tag="689" ind1="1" ind2="0"><subfield code="0">(DE-588)4037944-9</subfield><subfield code="D">s</subfield><subfield code="a">Mathematik </subfield></datafield><datafield tag="689" ind1="1" ind2="1"><subfield code="0">(DE-588)4126116-1</subfield><subfield code="D">s</subfield><subfield code="a">Aufgabe </subfield></datafield><datafield tag="689" ind1="1" ind2="2"><subfield code="0">(DE-588)4076358-4</subfield><subfield code="D">s</subfield><subfield code="a">Problemlösen </subfield></datafield><datafield tag="689" ind1="1" ind2="3"><subfield code="0">(DE-588)4054365-1</subfield><subfield code="D">s</subfield><subfield code="a">Sekundarstufe 1</subfield><subfield code="5">DE-101</subfield></datafield><datafield tag="700" ind1="1" ind2=" "><subfield code="0">(DE-588)12986773X</subfield><subfield code="0">(DE-Frei129)00146111</subfield><subfield code="a">Büchter, Andreas</subfield><subfield code="4">oth</subfield></datafield><datafield tag="700" ind1="1" ind2=" "><subfield code="0">(DE-588)120707985</subfield><subfield code="0">(DE-Frei129)00531774</subfield><subfield code="a">Herget, Wilfried</subfield><subfield code="4">oth</subfield></datafield><datafield tag="700" ind1="1" ind2=" "><subfield code="0">(DE-588)124898289</subfield><subfield code="0">(DE-Frei129)00129765</subfield><subfield code="a">Leuders, Timo</subfield><subfield code="4">oth</subfield></datafield><datafield tag="700" ind1="1" ind2=" "><subfield code="0">(DE-Frei129)00246697</subfield><subfield code="a">Müller, Jan</subfield><subfield code="4">oth</subfield></datafield><datafield tag="852" ind1=" " ind2=" "><subfield code="a">Frei 129</subfield><subfield code="b">PHFR</subfield><subfield code="c">SM 750 F357</subfield></datafield><datafield tag="980" ind1="0" ind2=" "><subfield code="a">00487708</subfield><subfield code="9">(PHFR)</subfield><subfield code="b">EG-Anbau (32)</subfield><subfield code="c">SM 750 F357</subfield><subfield code="d">Standardleihe (01)</subfield><subfield code="e">ausgeliehen (A) - Fälligkeitsdatum: 05.08.2022</subfield></datafield></record>