
<record><leader>02830nam a2200000uu 4500</leader><controlfield tag="001">58288549</controlfield><controlfield tag="003">DE-Frei129</controlfield><controlfield tag="005">20220811084010.0</controlfield><controlfield tag="007">tu</controlfield><controlfield tag="008">110404s2010    ||||||||||||||||||||ger||</controlfield><datafield tag="020" ind1=" " ind2=" "><subfield code="a">9783932908569</subfield><subfield code="9">9783932908569</subfield><subfield code="c">kart. : EUR 17,95</subfield></datafield><datafield tag="035" ind1=" " ind2=" "><subfield code="a">(DE-576)1609063856</subfield></datafield><datafield tag="041" ind1=" " ind2=" "><subfield code="a">ger</subfield></datafield><datafield tag="245" ind1="1" ind2="0"><subfield code="a">Ich bin dann mal schlank</subfield><subfield code="b">die Erfolgs-Methode</subfield><subfield code="c">Patric Heizmann. Mit Rezepten von Sebastian Benthe und Fotos von Udo Bojahr</subfield></datafield><datafield tag="250" ind1=" " ind2=" "><subfield code="a">2. Aufl.</subfield></datafield><datafield tag="260" ind1="3" ind2=" "><subfield code="a">Leipzig</subfield><subfield code="b">Draksal Fachverl.</subfield><subfield code="c">2010</subfield></datafield><datafield tag="300" ind1=" " ind2=" "><subfield code="a">204 Seiten</subfield><subfield code="b">Ill.</subfield></datafield><datafield tag="650" ind1=" " ind2="7"><subfield code="a">Gewichtsabnahme</subfield><subfield code="0">(DE-Frei129)00027091</subfield><subfield code="0">(DE-588)4140608-4</subfield><subfield code="2">gnd</subfield></datafield><datafield tag="689" ind1="0" ind2="0"><subfield code="0">(DE-588)4140608-4</subfield><subfield code="D">s</subfield><subfield code="a">Gewichtsabnahme</subfield><subfield code="5">DE-101</subfield></datafield><datafield tag="700" ind1="1" ind2=" "><subfield code="0">(DE-588)131619721</subfield><subfield code="0">(DE-Frei129)58098600</subfield><subfield code="a">Heizmann, Patric</subfield><subfield code="4">aut</subfield></datafield><datafield tag="700" ind1="1" ind2=" "><subfield code="0">(DE-Frei129)58098601</subfield><subfield code="a">Bojahr, Udo</subfield><subfield code="4">oth</subfield></datafield><datafield tag="700" ind1="1" ind2=" "><subfield code="0">(DE-Frei129)58098602</subfield><subfield code="a">Benthe, Sebastian</subfield><subfield code="4">oth</subfield></datafield><datafield tag="852" ind1=" " ind2=" "><subfield code="a">Frei 129</subfield><subfield code="b">PHFR</subfield><subfield code="c">ZE 43000 H473 (2)</subfield></datafield><datafield tag="980" ind1="0" ind2=" "><subfield code="a">00462420</subfield><subfield code="9">(PHFR)</subfield><subfield code="b">3.OG (37)</subfield><subfield code="c">ZE 43000 H473 (2)</subfield><subfield code="d">Standardleihe (01)</subfield><subfield code="e">Verfügbar (X)</subfield></datafield></record>