
<record><leader>03662nam a2200000uu 4500</leader><controlfield tag="001">58240886</controlfield><controlfield tag="003">DE-Frei129</controlfield><controlfield tag="005">20220811084010.0</controlfield><controlfield tag="007">tu</controlfield><controlfield tag="008">100322s2010    ||||||||||||||||||||ger||</controlfield><datafield tag="020" ind1=" " ind2=" "><subfield code="a">9783473315444</subfield><subfield code="9">9783473315444</subfield><subfield code="c">kart. : EUR 7.95, sfr 14.50</subfield></datafield><datafield tag="024" ind1="3" ind2=" "><subfield code="a">9783473315444</subfield></datafield><datafield tag="035" ind1=" " ind2=" "><subfield code="a">(DE-576)1602189005</subfield></datafield><datafield tag="041" ind1=" " ind2=" "><subfield code="a">ger</subfield></datafield><datafield tag="044" ind1=" " ind2=" "><subfield code="c">XA-DE-BW</subfield><subfield code="c">XA-CH-AG</subfield></datafield><datafield tag="245" ind1="1" ind2="0"><subfield code="a">Unterwegs auf dem Bauernhof</subfield><subfield code="b">mit großen Suchklappen; [12-18 Monate]</subfield><subfield code="c">[Ill.: Monika Neubacher-Fesser. Text: Sabine Cuno]</subfield></datafield><datafield tag="250" ind1=" " ind2=" "><subfield code="a">[Nachdr.]</subfield></datafield><datafield tag="260" ind1="3" ind2=" "><subfield code="a">Ravensburg</subfield><subfield code="a">Würenlos</subfield><subfield code="b">Ravensburger Buchverl. Maier</subfield><subfield code="b">Carlit + Ravensburger</subfield><subfield code="c">[20]10</subfield></datafield><datafield tag="300" ind1=" " ind2=" "><subfield code="a">[16] Seiten</subfield><subfield code="b">überw. Ill.</subfield><subfield code="c">19 cm</subfield></datafield><datafield tag="490" ind1="0" ind2=" "><subfield code="a">Ministeps</subfield></datafield><datafield tag="500" ind1=" " ind2=" "><subfield code="a">Archivierung/Langzeitarchivierung gewährleistet</subfield></datafield><datafield tag="650" ind1=" " ind2="7"><subfield code="a">Bauernhof</subfield><subfield code="0">(DE-Frei129)00002887</subfield><subfield code="0">(DE-588)4004770-2</subfield><subfield code="2">gnd</subfield></datafield><datafield tag="650" ind1=" " ind2="7"><subfield code="a">Tiere</subfield><subfield code="0">(DE-Frei129)00004239</subfield><subfield code="0">(DE-588)4060087-7</subfield><subfield code="2">gnd</subfield></datafield><datafield tag="689" ind1="0" ind2="0"><subfield code="0">(DE-588)4004770-2</subfield><subfield code="D">s</subfield><subfield code="a">Bauernhof </subfield></datafield><datafield tag="689" ind1="0" ind2="1"><subfield code="0">(DE-588)4060087-7</subfield><subfield code="D">s</subfield><subfield code="a">Tiere</subfield><subfield code="5">DE-101</subfield></datafield><datafield tag="700" ind1="1" ind2=" "><subfield code="0">(DE-588)140992456</subfield><subfield code="0">(DE-Frei129)00098602</subfield><subfield code="a">Neubacher-Fesser, Monika</subfield><subfield code="4">oth</subfield></datafield><datafield tag="700" ind1="1" ind2=" "><subfield code="0">(DE-588)122871057</subfield><subfield code="0">(DE-Frei129)00255906</subfield><subfield code="a">Cuno, Sabine</subfield><subfield code="4">oth</subfield></datafield><datafield tag="852" ind1=" " ind2=" "><subfield code="a">Frei129</subfield><subfield code="c">ED 5540 N477 U6</subfield></datafield><datafield tag="980" ind1="0" ind2=" "><subfield code="a">00460048</subfield><subfield code="9">(PHFR)</subfield><subfield code="b">Handbibliothek (50)</subfield><subfield code="c">ED 5540 N477 U6</subfield><subfield code="d">Handbibliothek - nie verleihbar (54)</subfield><subfield code="e">Verfügbar (X)</subfield></datafield></record>