
<record><leader>05148nam a2200000uu 4500</leader><controlfield tag="001">58170296</controlfield><controlfield tag="003">DE-Frei129</controlfield><controlfield tag="005">20220811084010.0</controlfield><controlfield tag="007">tu</controlfield><controlfield tag="008">091022s2010    ||||||||||||||||||||ger||</controlfield><datafield tag="015" ind1=" " ind2=" "><subfield code="a">10,A05</subfield></datafield><datafield tag="016" ind1="7" ind2=" "><subfield code="a">997426829</subfield><subfield code="2">DE-101</subfield></datafield><datafield tag="020" ind1=" " ind2=" "><subfield code="a">9783473328178</subfield><subfield code="9">9783473328178</subfield><subfield code="c">spiralgeh. : EUR 8.95 (DE), EUR 9.20 (AT), sfr 17.30 (freier Pr.)</subfield></datafield><datafield tag="024" ind1="3" ind2=" "><subfield code="a">9783473328178</subfield></datafield><datafield tag="035" ind1=" " ind2=" "><subfield code="a">(DE-576)611230690</subfield></datafield><datafield tag="041" ind1=" " ind2=" "><subfield code="a">ger</subfield></datafield><datafield tag="044" ind1=" " ind2=" "><subfield code="c">XA-DE-BW</subfield><subfield code="c">XA-CH-AG</subfield></datafield><datafield tag="100" ind1="1" ind2=" "><subfield code="a">Möller, Anne</subfield><subfield code="0">(DE-Frei129)00133852</subfield><subfield code="0">(DE-588)122842901</subfield></datafield><datafield tag="245" ind1="1" ind2="0"><subfield code="a">Im Streichelzoo</subfield><subfield code="c">[Ill. und Text: Anne Möller]</subfield></datafield><datafield tag="260" ind1="3" ind2=" "><subfield code="a">Ravensburg</subfield><subfield code="b">Ravensburger Buchverl. Maier</subfield><subfield code="c">2010</subfield></datafield><datafield tag="300" ind1=" " ind2=" "><subfield code="a">[16] Seiten</subfield><subfield code="b">überw. Ill.</subfield><subfield code="c">20 cm</subfield></datafield><datafield tag="490" ind1="1" ind2=" "><subfield code="a">Wieso? Weshalb? Warum? Junior </subfield><subfield code="v">35</subfield></datafield><datafield tag="500" ind1=" " ind2=" "><subfield code="a">Hier auch später erschienene, unveränderte Nachdrucke, Auflagen.</subfield></datafield><datafield tag="500" ind1=" " ind2=" "><subfield code="a">IMD-Felder maschinell generiert (GBV)</subfield></datafield><datafield tag="500" ind1=" " ind2=" "><subfield code="a">Archivierung/Langzeitarchivierung gewährleistet</subfield></datafield><datafield tag="520" ind1=" " ind2=" "><subfield code="a">Auf einem grossen Übersichtsbild überblickt man zunächst den kleinen Streichelzoo. Auf den Folgeseiten werden die einzelnen Tierarten dann kurz vorgestellt: die Schweine (Hängebauch- und Hausschweine), die sich genüsslich im Dreck suhlen, Schafe und freche Ziegen, Ponys und Esel, Hühner mit ihren Küken, Gänse und Enten und zuletzt Kaninchen und Meerschweinchen, die sich grinsend um den Futternapf scharen. Die abschliessenden kurzen Verhaltensregeln im Umgang mit Streichelzoo-Tieren sind eine wichtige Ergänzung. Auf allen Seiten hat sich eine Gans versteckt, die die Kinder suchen können. Die Einschränkung des Zoothemas auf den Streichelzoo ist im Kindersachbuchbereich sowohl einzigartig als auch clever und sinnvoll gewählt: Wie hätte man auf 8 kleinen Doppelseiten einen richtigen, grossen Zoo darstellen sollen? Ausserdem ist der angestrebten jungen Zielgruppe mit einigen wenigen Tierarten schon voll und ganz gedient. Illustrationen und Klappen ergänzen die kurzen Texte reihenüblich. Empfohlen</subfield></datafield><datafield tag="650" ind1=" " ind2="7"><subfield code="a">Streichelzoo</subfield><subfield code="0">(DE-Frei129)01131212</subfield><subfield code="0">(DE-588)4496327-0</subfield><subfield code="2">gnd</subfield></datafield><datafield tag="689" ind1="0" ind2="0"><subfield code="0">(DE-588)4496327-0</subfield><subfield code="D">s</subfield><subfield code="a">Streichelzoo</subfield><subfield code="5">DE-101</subfield></datafield><datafield tag="830" ind1=" " ind2="0"><subfield code="a">Wieso? Weshalb? Warum?</subfield><subfield code="v">35</subfield><subfield code="w">(DE-Frei129)01281841</subfield><subfield code="9">235</subfield></datafield><datafield tag="852" ind1=" " ind2=" "><subfield code="a">Frei 129</subfield><subfield code="b">PHFR</subfield><subfield code="c">ED 5540 M693</subfield></datafield><datafield tag="856" ind1="4" ind2=" "><subfield code="8">00</subfield><subfield code="u">http://deposit.d-nb.de/cgi-bin/dokserv?id=3364833&amp;prov=M&amp;dok_var=1&amp;dok_ext=htm</subfield><subfield code="y">Inhaltstext</subfield></datafield><datafield tag="856" ind1="4" ind2=" "><subfield code="8">01</subfield><subfield code="u">http://deposit.d-nb.de/cgi-bin/dokserv?id=3364833&amp;prov=M&amp;dok_var=1&amp;dok_ext=htm</subfield><subfield code="y">Verlagsinformation</subfield></datafield><datafield tag="980" ind1="0" ind2=" "><subfield code="a">00457995</subfield><subfield code="9">(PHFR)</subfield><subfield code="b">Handbibliothek (50)</subfield><subfield code="c">ED 5540 M693</subfield><subfield code="d">Handbibliothek - nie verleihbar (54)</subfield><subfield code="e">Verfügbar (X)</subfield></datafield></record>