
<record><leader>06531nam a2200000uu 4500</leader><controlfield tag="001">58143787</controlfield><controlfield tag="003">DE-Frei129</controlfield><controlfield tag="005">20220811084010.0</controlfield><controlfield tag="007">tu</controlfield><controlfield tag="008">100527s2010    ||||||||||||||||||||ger||</controlfield><datafield tag="016" ind1="7" ind2=" "><subfield code="a">1002585066</subfield><subfield code="2">DE-101</subfield></datafield><datafield tag="020" ind1=" " ind2=" "><subfield code="a">9783788724702</subfield><subfield code="9">9783788724702</subfield><subfield code="c">kt. : Eur 29.90 (D), EUR 27.40 (A), (Preis bei Abnahme der Reihe), ca. EUR 23.10 (D), ca. EUR 25.60 (A) (Preis bei Abnahme der Reihe), sFr 49.10 (freier Pr.)</subfield></datafield><datafield tag="035" ind1=" " ind2=" "><subfield code="a">(DE-576)626841798</subfield></datafield><datafield tag="041" ind1=" " ind2=" "><subfield code="a">ger</subfield></datafield><datafield tag="044" ind1=" " ind2=" "><subfield code="c">XA-DE-NW</subfield></datafield><datafield tag="245" ind1="1" ind2="0"><subfield code="a">Was letztlich zählt - Eschatologie</subfield><subfield code="c">hrsg. von Rudolf Englert ...</subfield></datafield><datafield tag="260" ind1="3" ind2=" "><subfield code="a">Neukirchen-Vluyn</subfield><subfield code="b">Neukirchener Theologie</subfield><subfield code="c">2010</subfield></datafield><datafield tag="300" ind1=" " ind2=" "><subfield code="a">272 Seiten , [4] Blatt</subfield><subfield code="b">Ill., graph. Darst.</subfield><subfield code="c">220 mm x 145 mm</subfield></datafield><datafield tag="500" ind1=" " ind2=" "><subfield code="a">IMD-Felder maschinell generiert (GBV)</subfield></datafield><datafield tag="650" ind1=" " ind2="7"><subfield code="a">Eschatologie</subfield><subfield code="0">(DE-Frei129)00001536</subfield><subfield code="0">(DE-588)4015508-0</subfield><subfield code="2">gnd</subfield></datafield><datafield tag="650" ind1=" " ind2="7"><subfield code="a">Aufsatzsammlung</subfield><subfield code="0">(DE-Frei129)00148893</subfield><subfield code="0">(DE-588)4143413-4</subfield><subfield code="2">gnd</subfield></datafield><datafield tag="650" ind1=" " ind2="7"><subfield code="a">Judentum</subfield><subfield code="0">(DE-Frei129)00004915</subfield><subfield code="0">(DE-588)4114087-4</subfield><subfield code="2">gnd</subfield></datafield><datafield tag="650" ind1=" " ind2="7"><subfield code="a">Islam</subfield><subfield code="0">(DE-Frei129)00012330</subfield><subfield code="0">(DE-588)4027743-4</subfield><subfield code="2">gnd</subfield></datafield><datafield tag="650" ind1=" " ind2="7"><subfield code="a">Buddhismus</subfield><subfield code="0">(DE-Frei129)00004564</subfield><subfield code="0">(DE-588)4008690-2</subfield><subfield code="2">gnd</subfield></datafield><datafield tag="650" ind1=" " ind2="7"><subfield code="a">Religionspädagogik</subfield><subfield code="0">(DE-Frei129)00020486</subfield><subfield code="0">(DE-588)4049412-3</subfield><subfield code="2">gnd</subfield></datafield><datafield tag="650" ind1=" " ind2="7"><subfield code="a">Religionsunterricht</subfield><subfield code="0">(DE-Frei129)00013894</subfield><subfield code="0">(DE-588)4049422-6</subfield><subfield code="2">gnd</subfield></datafield><datafield tag="689" ind1="0" ind2="0"><subfield code="0">(DE-588)4015508-0</subfield><subfield code="D">s</subfield><subfield code="a">Eschatologie </subfield></datafield><datafield tag="689" ind1="0" ind2="1"><subfield code="0">(DE-588)4143413-4</subfield><subfield code="D">s</subfield><subfield code="a">Aufsatzsammlung</subfield><subfield code="5">DE-101</subfield></datafield><datafield tag="689" ind1="1" ind2="0"><subfield code="0">(DE-588)4015508-0</subfield><subfield code="D">s</subfield><subfield code="a">Eschatologie </subfield></datafield><datafield tag="689" ind1="1" ind2="1"><subfield code="0">(DE-588)4114087-4</subfield><subfield code="D">s</subfield><subfield code="a">Judentum </subfield></datafield><datafield tag="689" ind1="1" ind2="2"><subfield code="0">(DE-588)4027743-4</subfield><subfield code="D">s</subfield><subfield code="a">Islam </subfield></datafield><datafield tag="689" ind1="1" ind2="3"><subfield code="0">(DE-588)4008690-2</subfield><subfield code="D">s</subfield><subfield code="a">Buddhismus </subfield></datafield><datafield tag="689" ind1="1" ind2="4"><subfield code="0">(DE-588)4143413-4</subfield><subfield code="D">s</subfield><subfield code="a">Aufsatzsammlung</subfield><subfield code="5">DE-101</subfield></datafield><datafield tag="689" ind1="2" ind2="0"><subfield code="0">(DE-588)4015508-0</subfield><subfield code="D">s</subfield><subfield code="a">Eschatologie </subfield></datafield><datafield tag="689" ind1="2" ind2="1"><subfield code="0">(DE-588)4049412-3</subfield><subfield code="D">s</subfield><subfield code="a">Religionspädagogik </subfield></datafield><datafield tag="689" ind1="2" ind2="2"><subfield code="0">(DE-588)4049422-6</subfield><subfield code="D">s</subfield><subfield code="a">Religionsunterricht </subfield></datafield><datafield tag="689" ind1="2" ind2="3"><subfield code="0">(DE-588)4143413-4</subfield><subfield code="D">s</subfield><subfield code="a">Aufsatzsammlung</subfield><subfield code="5">DE-101</subfield></datafield><datafield tag="700" ind1="1" ind2=" "><subfield code="0">(DE-588)133310329</subfield><subfield code="0">(DE-Frei129)00166666</subfield><subfield code="a">Englert, Rudolf</subfield><subfield code="4">oth</subfield></datafield><datafield tag="830" ind1=" " ind2="0"><subfield code="a">Jahrbuch der Religionspädagogik</subfield><subfield code="v">26.2010</subfield><subfield code="w">(DE-Frei129)00080967</subfield><subfield code="9">226 42010</subfield></datafield><datafield tag="852" ind1=" " ind2=" "><subfield code="a">Frei 129</subfield><subfield code="b">PHFR</subfield><subfield code="c">BU 4300 E58</subfield></datafield><datafield tag="856" ind1="4" ind2=" "><subfield code="8">00</subfield><subfield code="u">http://d-nb.info/1002585066/04</subfield><subfield code="y">Inhaltsverzeichnis</subfield></datafield><datafield tag="980" ind1="0" ind2=" "><subfield code="a">00456415</subfield><subfield code="9">(PHFR)</subfield><subfield code="b">UG (33)</subfield><subfield code="c">BU 4300 E58</subfield><subfield code="d">Standardleihe (01)</subfield><subfield code="e">ausgeliehen (A) - Fälligkeitsdatum: 09.08.2022</subfield></datafield><datafield tag="980" ind1="0" ind2=" "><subfield code="z">26.2010</subfield></datafield></record>