
<record><leader>02451nam a2200000uuc4500</leader><controlfield tag="001">58099199</controlfield><controlfield tag="003">DE-Frei129</controlfield><controlfield tag="005">20220811084010.0</controlfield><controlfield tag="007">tu</controlfield><controlfield tag="008">101119s2010    ||||||||||||||||||||ger||</controlfield><datafield tag="020" ind1=" " ind2=" "><subfield code="a">9783861213062</subfield><subfield code="9">9783861213062</subfield><subfield code="c">: EUR 5,90</subfield></datafield><datafield tag="035" ind1=" " ind2=" "><subfield code="a">(DE-576)640222471</subfield></datafield><datafield tag="041" ind1=" " ind2=" "><subfield code="a">ger</subfield><subfield code="a">tur</subfield></datafield><datafield tag="044" ind1=" " ind2=" "><subfield code="c">XA-DE</subfield></datafield><datafield tag="245" ind1="1" ind2="0"><subfield code="a">Pilot</subfield><subfield code="n">3, Arbeitsh.=Çalışma defteri</subfield><subfield code="c">Mete Atay ; Ulaş Atay</subfield></datafield><datafield tag="260" ind1="3" ind2=" "><subfield code="a">Hückelhoven</subfield><subfield code="b">Schulbuchverl. Anadolu</subfield><subfield code="c">2010</subfield></datafield><datafield tag="300" ind1=" " ind2=" "><subfield code="a">63  Seiten</subfield><subfield code="b">Ill.</subfield></datafield><datafield tag="500" ind1=" " ind2=" "><subfield code="a">IMD-Felder maschinell generiert (GBV)</subfield></datafield><datafield tag="700" ind1="1" ind2=" "><subfield code="0">(DE-Frei129)58026947</subfield><subfield code="a">Atay, Mete</subfield><subfield code="4">aut</subfield></datafield><datafield tag="700" ind1="1" ind2=" "><subfield code="0">(DE-Frei129)58026948</subfield><subfield code="a">Atay, Ulaş</subfield><subfield code="4">aut</subfield></datafield><datafield tag="773" ind1="0" ind2="8"><subfield code="w">(DE-Frei129)58099196</subfield><subfield code="q">13A.2010</subfield></datafield><datafield tag="852" ind1=" " ind2=" "><subfield code="a">Frei 129</subfield><subfield code="b">PHFR</subfield><subfield code="c">Fre W 500: 18 A,3</subfield></datafield><datafield tag="980" ind1="0" ind2=" "><subfield code="a">00455015</subfield><subfield code="9">(PHFR)</subfield><subfield code="b">Handbibliothek (50)</subfield><subfield code="c">Fre W 500: 18 A,3</subfield><subfield code="d">Handbibliothek - nie verleihbar (54)</subfield><subfield code="e">Verfügbar (X)</subfield><subfield code="x">2018</subfield></datafield></record>