
<record><leader>05174nam a2200000uu 4500</leader><controlfield tag="001">58067734</controlfield><controlfield tag="003">DE-Frei129</controlfield><controlfield tag="005">20220811084010.0</controlfield><controlfield tag="007">tu</controlfield><controlfield tag="008">090527s2010    ||||||||||||||||||||ger||</controlfield><datafield tag="015" ind1=" " ind2=" "><subfield code="a">10,A16</subfield></datafield><datafield tag="016" ind1="7" ind2=" "><subfield code="a">994244177</subfield><subfield code="2">DE-101</subfield></datafield><datafield tag="020" ind1=" " ind2=" "><subfield code="a">9783462041781</subfield><subfield code="9">9783462041781</subfield><subfield code="c">kart. : EUR 8.95 (DE), EUR 9.20 (AT), sfr 16.50 (freier Pr.)</subfield></datafield><datafield tag="024" ind1="3" ind2=" "><subfield code="a">9783462041781</subfield></datafield><datafield tag="035" ind1=" " ind2=" "><subfield code="a">(DE-576)600527018</subfield></datafield><datafield tag="041" ind1=" " ind2=" "><subfield code="a">ger</subfield></datafield><datafield tag="044" ind1=" " ind2=" "><subfield code="c">XA-DE-NW</subfield></datafield><datafield tag="245" ind1="1" ind2="0"><subfield code="a">Joseph Roth in Berlin</subfield><subfield code="b">ein Lesebuch für Spaziergänger</subfield><subfield code="c">Michael Bienert</subfield></datafield><datafield tag="250" ind1=" " ind2=" "><subfield code="a">1. Aufl.</subfield></datafield><datafield tag="260" ind1="3" ind2=" "><subfield code="a">Köln</subfield><subfield code="b">Kiepenheuer &amp;38; Witsch</subfield><subfield code="c">2010</subfield></datafield><datafield tag="300" ind1=" " ind2=" "><subfield code="a">275 Seiten</subfield><subfield code="b">zahlr. Ill., Kt</subfield><subfield code="c">19 cm</subfield></datafield><datafield tag="490" ind1="0" ind2=" "><subfield code="a">KiWi </subfield><subfield code="v">1144</subfield></datafield><datafield tag="500" ind1=" " ind2=" "><subfield code="a">IMD-Felder maschinell generiert (GBV)</subfield></datafield><datafield tag="600" ind1="1" ind2="7"><subfield code="0">(DE-Frei129)00149388</subfield><subfield code="0">(DE-588)118603140</subfield><subfield code="a">Roth, Joseph</subfield><subfield code="2">gnd</subfield></datafield><datafield tag="650" ind1=" " ind2="7"><subfield code="a">Literarische Stätte</subfield><subfield code="0">(DE-Frei129)00015459</subfield><subfield code="0">(DE-588)4035947-5</subfield><subfield code="2">gnd</subfield></datafield><datafield tag="651" ind1=" " ind2="7"><subfield code="a">Berlin</subfield><subfield code="0">(DE-Frei129)00003318</subfield><subfield code="0">(DE-588)4005728-8</subfield><subfield code="2">gnd</subfield></datafield><datafield tag="689" ind1="0" ind2="0"><subfield code="0">(DE-588)118603140</subfield><subfield code="D">p</subfield><subfield code="a">Roth, Joseph </subfield></datafield><datafield tag="689" ind1="0" ind2="1"><subfield code="0">(DE-588)4005728-8</subfield><subfield code="D">g</subfield><subfield code="a">Berlin </subfield></datafield><datafield tag="689" ind1="0" ind2="2"><subfield code="0">(DE-588)4035947-5</subfield><subfield code="D">s</subfield><subfield code="a">Literarische Stätte</subfield><subfield code="5">DE-101</subfield></datafield><datafield tag="700" ind1="1" ind2=" "><subfield code="0">(DE-588)118603140</subfield><subfield code="0">(DE-Frei129)00149388</subfield><subfield code="a">Roth, Joseph</subfield><subfield code="4">aut</subfield></datafield><datafield tag="700" ind1="1" ind2=" "><subfield code="0">(DE-588)115691197</subfield><subfield code="0">(DE-Frei129)00985893</subfield><subfield code="a">Bienert, Michael</subfield><subfield code="4">oth</subfield></datafield><datafield tag="852" ind1=" " ind2=" "><subfield code="a">Frei 129</subfield><subfield code="b">PHFR</subfield><subfield code="c">GM 5228 B588</subfield></datafield><datafield tag="856" ind1="4" ind2=" "><subfield code="8">00</subfield><subfield code="u">http://deposit.d-nb.de/cgi-bin/dokserv?id=3303897&amp;prov=M&amp;dok_var=1&amp;dok_ext=htm</subfield><subfield code="y">Inhaltstext</subfield></datafield><datafield tag="856" ind1="4" ind2=" "><subfield code="8">01</subfield><subfield code="u">http://external.dandelon.com/download/attachments/dandelon/ids/DE004D8A59B8E218F1BD7C12577360066FB3B.pdf</subfield><subfield code="y">Inhaltsverzeichnis</subfield></datafield><datafield tag="856" ind1="4" ind2=" "><subfield code="8">02</subfield><subfield code="u">http://deposit.d-nb.de/cgi-bin/dokserv?id=3303897&amp;prov=M&amp;dok_var=1&amp;dok_ext=htm</subfield><subfield code="y">Inhaltstext</subfield></datafield><datafield tag="856" ind1="4" ind2=" "><subfield code="8">03</subfield><subfield code="u">https://external.dandelon.com/download/attachments/dandelon/ids/DE004D8A59B8E218F1BD7C12577360066FB3B.pdf</subfield><subfield code="y">Inhaltsverzeichnis</subfield></datafield><datafield tag="980" ind1="0" ind2=" "><subfield code="a">00452122</subfield><subfield code="9">(PHFR)</subfield><subfield code="b">2.OG (35)</subfield><subfield code="c">GM 5228 B588</subfield><subfield code="d">Standardleihe (01)</subfield><subfield code="e">Verfügbar (X)</subfield></datafield></record>