
<record><leader>05360nam a2200000uu 4500</leader><controlfield tag="001">58042694</controlfield><controlfield tag="003">DE-Frei129</controlfield><controlfield tag="005">20220811084010.0</controlfield><controlfield tag="007">tu</controlfield><controlfield tag="008">080612s2010    ||||||||||||||||||||ger||</controlfield><datafield tag="016" ind1="7" ind2=" "><subfield code="a">988946211</subfield><subfield code="2">DE-101</subfield></datafield><datafield tag="020" ind1=" " ind2=" "><subfield code="a">9783292005045</subfield><subfield code="9">9783292005045</subfield><subfield code="c">kart.</subfield></datafield><datafield tag="035" ind1=" " ind2=" "><subfield code="a">(DE-576)568930053</subfield></datafield><datafield tag="041" ind1=" " ind2=" "><subfield code="a">ger</subfield></datafield><datafield tag="044" ind1=" " ind2=" "><subfield code="c">XA-CH</subfield></datafield><datafield tag="100" ind1="1" ind2=" "><subfield code="a">Lienert, Sonja</subfield><subfield code="0">(DE-Frei129)58008659</subfield></datafield><datafield tag="245" ind1="1" ind2="0"><subfield code="a">Bewegt und selbstsicher</subfield><subfield code="b">Psychomotorik und Bewegungsförderung in der Eingangsstufe ; Grundlagen und Unterrichtspraxis</subfield><subfield code="c">[Sonja Lienert; Judith Sägesser; Heidi Spiess]</subfield></datafield><datafield tag="250" ind1=" " ind2=" "><subfield code="a">1. Aufl.</subfield></datafield><datafield tag="260" ind1="3" ind2=" "><subfield code="a">Bern ; Buchs</subfield><subfield code="b">Schulverl. Plus</subfield><subfield code="c">2010</subfield></datafield><datafield tag="300" ind1=" " ind2=" "><subfield code="a">143 Seiten</subfield><subfield code="b">zahlr. Ill., graph. Darst</subfield><subfield code="c">30 cm</subfield><subfield code="e">1 CD-ROM (12 cm)</subfield></datafield><datafield tag="500" ind1=" " ind2=" "><subfield code="a">Literaturverz. S. 138 -141</subfield></datafield><datafield tag="500" ind1=" " ind2=" "><subfield code="a">IMD-Felder maschinell generiert (GBV)</subfield></datafield><datafield tag="650" ind1=" " ind2="7"><subfield code="a">Psychomotorik</subfield><subfield code="0">(DE-Frei129)00019820</subfield><subfield code="0">(DE-588)4047719-8</subfield><subfield code="2">gnd</subfield></datafield><datafield tag="650" ind1=" " ind2="7"><subfield code="a">Bewegungserziehung</subfield><subfield code="0">(DE-Frei129)00020639</subfield><subfield code="0">(DE-588)4069418-5</subfield><subfield code="2">gnd</subfield></datafield><datafield tag="650" ind1=" " ind2="7"><subfield code="a">Eingangsstufe</subfield><subfield code="0">(DE-Frei129)00028445</subfield><subfield code="0">(DE-588)4070695-3</subfield><subfield code="2">gnd</subfield></datafield><datafield tag="689" ind1="0" ind2="0"><subfield code="0">(DE-588)4047719-8</subfield><subfield code="D">s</subfield><subfield code="a">Psychomotorik </subfield></datafield><datafield tag="689" ind1="0" ind2="1"><subfield code="0">(DE-588)4069418-5</subfield><subfield code="D">s</subfield><subfield code="a">Bewegungserziehung </subfield></datafield><datafield tag="689" ind1="0" ind2="2"><subfield code="0">(DE-588)4070695-3</subfield><subfield code="D">s</subfield><subfield code="a">Eingangsstufe</subfield><subfield code="5">DE-101</subfield></datafield><datafield tag="700" ind1="1" ind2=" "><subfield code="0">(DE-Frei129)58008660</subfield><subfield code="a">Sägesser, Judith</subfield><subfield code="4">aut</subfield></datafield><datafield tag="700" ind1="1" ind2=" "><subfield code="0">(DE-Frei129)58008661</subfield><subfield code="a">Spiess, Heidi</subfield><subfield code="4">aut</subfield></datafield><datafield tag="852" ind1=" " ind2=" "><subfield code="a">Frei 129</subfield><subfield code="b">PHFR</subfield><subfield code="c">Spo B 190: 92</subfield></datafield><datafield tag="856" ind1="4" ind2=" "><subfield code="8">00</subfield><subfield code="u">http://external.dandelon.com/download/attachments/dandelon/ids/CH0023B50BA27AF11DA2FC1257D6D00363470.pdf</subfield><subfield code="y">Inhaltsverzeichnis</subfield></datafield><datafield tag="856" ind1="4" ind2=" "><subfield code="8">01</subfield><subfield code="u">https://external.dandelon.com/download/attachments/dandelon/ids/CH0023B50BA27AF11DA2FC1257D6D00363470.pdf</subfield><subfield code="y">Verlagsinformation</subfield></datafield><datafield tag="856" ind1="4" ind2=" "><subfield code="8">02</subfield><subfield code="u">http://deposit.d-nb.de/cgi-bin/dokserv?id=3117488&amp;prov=M&amp;dok_var=1&amp;dok_ext=htm</subfield><subfield code="y">Inhaltstext</subfield></datafield><datafield tag="856" ind1="4" ind2=" "><subfield code="8">03</subfield><subfield code="u">http://d-nb.info/988946211/04</subfield><subfield code="y">Verlagsinformation</subfield></datafield><datafield tag="856" ind1="4" ind2=" "><subfield code="8">04</subfield><subfield code="u">http://deposit.d-nb.de/cgi-bin/dokserv?id=3117488&amp;prov=M&amp;dok_var=1&amp;dok_ext=htm</subfield><subfield code="y">Verlagsinformation</subfield></datafield><datafield tag="980" ind1="0" ind2=" "><subfield code="a">00452118</subfield><subfield code="9">(PHFR)</subfield><subfield code="b">Handbibliothek (50)</subfield><subfield code="c">Spo B 190: 92</subfield><subfield code="d">Handbibliothek - nie verleihbar (54)</subfield><subfield code="e">Verfügbar (X)</subfield></datafield></record>