
<record><leader>06597nam a2200000uu 4500</leader><controlfield tag="001">42066939</controlfield><controlfield tag="003">DE-Frei129</controlfield><controlfield tag="005">20220811084010.0</controlfield><controlfield tag="007">tu</controlfield><controlfield tag="008">090513s2010    ||||||||||||||||||||eng||</controlfield><datafield tag="020" ind1=" " ind2=" "><subfield code="a">0415968194</subfield><subfield code="9">0415968194</subfield><subfield code="c">hardback : alk. paper</subfield></datafield><datafield tag="020" ind1=" " ind2=" "><subfield code="a">0415968208</subfield><subfield code="9">0415968208</subfield><subfield code="c">pbk. : alk. paper</subfield></datafield><datafield tag="020" ind1=" " ind2=" "><subfield code="a">9780415968195</subfield><subfield code="9">9780415968195</subfield><subfield code="c">: hardback : alk. paper</subfield></datafield><datafield tag="020" ind1=" " ind2=" "><subfield code="a">9780415968201</subfield><subfield code="9">9780415968201</subfield><subfield code="c">: pbk. : alk. paper</subfield></datafield><datafield tag="024" ind1="3" ind2=" "><subfield code="a">9780415968201</subfield></datafield><datafield tag="035" ind1=" " ind2=" "><subfield code="a">(DE-576)599668504</subfield></datafield><datafield tag="040" ind1=" " ind2=" "><subfield code="e">rda</subfield></datafield><datafield tag="041" ind1=" " ind2=" "><subfield code="a">eng</subfield></datafield><datafield tag="044" ind1=" " ind2=" "><subfield code="c">XD-US</subfield><subfield code="c">XA-GB</subfield></datafield><datafield tag="100" ind1="1" ind2=" "><subfield code="a">hooks, bell</subfield><subfield code="0">(DE-Frei129)01029014</subfield><subfield code="0">(DE-588)11933447X</subfield></datafield><datafield tag="245" ind1="1" ind2="0"><subfield code="a">Teaching critical thinking</subfield><subfield code="b">practical wisdom</subfield><subfield code="c">Bell Hooks</subfield></datafield><datafield tag="264" ind1=" " ind2="4"><subfield code="a">New York ; London</subfield><subfield code="b">Routledge, Taylor &amp; Francis Group</subfield><subfield code="c">2010</subfield></datafield><datafield tag="300" ind1=" " ind2=" "><subfield code="a">x, 191 Seiten</subfield><subfield code="c">24 cm</subfield></datafield><datafield tag="336" ind1=" " ind2=" "><subfield code="a">text</subfield><subfield code="b">txt</subfield><subfield code="2">rdacontent</subfield></datafield><datafield tag="337" ind1=" " ind2=" "><subfield code="a">unmediated</subfield><subfield code="b">n</subfield><subfield code="2">rdamedia</subfield></datafield><datafield tag="338" ind1=" " ind2=" "><subfield code="a">volume</subfield><subfield code="b">nc</subfield><subfield code="2">rdacarrier</subfield></datafield><datafield tag="490" ind1="0" ind2=" "><subfield code="a">Bell hooks the teaching trilogy</subfield></datafield><datafield tag="500" ind1=" " ind2=" "><subfield code="a">Archivierung prüfen</subfield></datafield><datafield tag="650" ind1=" " ind2="7"><subfield code="a">Democracy</subfield><subfield code="0">(DE-Frei129)00237196</subfield><subfield code="2">local</subfield></datafield><datafield tag="650" ind1=" " ind2="7"><subfield code="a">Kritisches Denken</subfield><subfield code="0">(DE-Frei129)00078426</subfield><subfield code="0">(DE-588)4231288-7</subfield><subfield code="2">gnd</subfield></datafield><datafield tag="650" ind1=" " ind2="7"><subfield code="a">Pädagogik</subfield><subfield code="0">(DE-Frei129)00007310</subfield><subfield code="0">(DE-588)4044302-4</subfield><subfield code="2">gnd</subfield></datafield><datafield tag="650" ind1=" " ind2="7"><subfield code="a">Unterrichtspsychologie</subfield><subfield code="0">(DE-Frei129)00069572</subfield><subfield code="0">(DE-588)4187083-9</subfield><subfield code="2">gnd</subfield></datafield><datafield tag="650" ind1=" " ind2="7"><subfield code="a">Teaching</subfield><subfield code="0">(DE-Frei129)00241079</subfield><subfield code="2">local</subfield></datafield><datafield tag="650" ind1=" " ind2="7"><subfield code="a">Critical thinking</subfield><subfield code="0">(DE-Frei129)00245702</subfield><subfield code="2">local</subfield></datafield><datafield tag="689" ind1="0" ind2="0"><subfield code="A">s</subfield><subfield code="a">Democracy</subfield><subfield code="5">DE-101</subfield></datafield><datafield tag="689" ind1="1" ind2="0"><subfield code="0">(DE-588)4231288-7</subfield><subfield code="D">s</subfield><subfield code="a">Kritisches Denken </subfield></datafield><datafield tag="689" ind1="1" ind2="1"><subfield code="0">(DE-588)4044302-4</subfield><subfield code="D">s</subfield><subfield code="a">Pädagogik</subfield><subfield code="5">DE-101</subfield></datafield><datafield tag="689" ind1="2" ind2="0"><subfield code="0">(DE-588)4231288-7</subfield><subfield code="D">s</subfield><subfield code="a">Kritisches Denken </subfield></datafield><datafield tag="689" ind1="2" ind2="1"><subfield code="0">(DE-588)4044302-4</subfield><subfield code="D">s</subfield><subfield code="a">Pädagogik </subfield></datafield><datafield tag="689" ind1="2" ind2="2"><subfield code="0">(DE-588)4187083-9</subfield><subfield code="D">s</subfield><subfield code="a">Unterrichtspsychologie</subfield><subfield code="5">DE-101</subfield></datafield><datafield tag="689" ind1="3" ind2="0"><subfield code="A">s</subfield><subfield code="a">Teaching</subfield><subfield code="5">DE-101</subfield></datafield><datafield tag="689" ind1="4" ind2="0"><subfield code="A">s</subfield><subfield code="a">Critical thinking</subfield><subfield code="5">DE-101</subfield></datafield><datafield tag="852" ind1=" " ind2=" "><subfield code="a">Frei 129</subfield><subfield code="b">PHFR</subfield><subfield code="c">Paed A 480: 121</subfield></datafield><datafield tag="856" ind1="4" ind2=" "><subfield code="8">00</subfield><subfield code="u">http://www.gbv.de/dms/bowker/toc/9780203869192.pdf</subfield><subfield code="y">Inhaltsverzeichnis</subfield></datafield><datafield tag="980" ind1="0" ind2=" "><subfield code="a">00426086</subfield><subfield code="9">(PHFR)</subfield><subfield code="b">Handbibliothek (50)</subfield><subfield code="c">Paed A 480: 121</subfield><subfield code="d">Handbibliothek - nie verleihbar (54)</subfield><subfield code="e">Verfügbar (X)</subfield></datafield><datafield tag="980" ind1="0" ind2=" "><subfield code="a">00466752</subfield><subfield code="9">(PHFR)</subfield><subfield code="b">EG-Anbau (32)</subfield><subfield code="c">Paed A 480: 121</subfield><subfield code="d">Standardleihe (01)</subfield><subfield code="e">Verfügbar (X)</subfield></datafield></record>