
<record><leader>05428nam a2200000uu 4500</leader><controlfield tag="001">42066876</controlfield><controlfield tag="003">DE-Frei129</controlfield><controlfield tag="005">20220811084010.0</controlfield><controlfield tag="007">tu</controlfield><controlfield tag="008">170925s2010    ||||||||||||||||||||eng||</controlfield><datafield tag="020" ind1=" " ind2=" "><subfield code="a">9781847384744</subfield><subfield code="9">978-1-8473-8474-4</subfield><subfield code="c">(pbk.) £5.99</subfield></datafield><datafield tag="020" ind1=" " ind2=" "><subfield code="a">1847384749</subfield><subfield code="9">1-8473-8474-9</subfield><subfield code="c">(pbk.) £5.99</subfield></datafield><datafield tag="020" ind1=" " ind2=" "><subfield code="a">9781847384737</subfield><subfield code="9">978-1-8473-8473-7</subfield><subfield code="c">(hbk.) £10.99</subfield></datafield><datafield tag="020" ind1=" " ind2=" "><subfield code="a">1847384730</subfield><subfield code="9">1-8473-8473-0</subfield><subfield code="c">(hbk.) £10.99</subfield></datafield><datafield tag="035" ind1=" " ind2=" "><subfield code="a">(DE-576)1628537566</subfield></datafield><datafield tag="040" ind1=" " ind2=" "><subfield code="e">rda</subfield></datafield><datafield tag="041" ind1=" " ind2=" "><subfield code="a">eng</subfield></datafield><datafield tag="100" ind1="1" ind2=" "><subfield code="a">Kemp, Anna</subfield><subfield code="0">(DE-Frei129)00808030</subfield><subfield code="4">aut</subfield></datafield><datafield tag="245" ind1="1" ind2="0"><subfield code="a">Dogs don&apos;t do ballet</subfield><subfield code="c">Anna Kemp ; illustrated by Sara Ogilvie</subfield></datafield><datafield tag="264" ind1=" " ind2="4"><subfield code="a">London; New York ; Sydney</subfield><subfield code="b">Simon and Schuster</subfield><subfield code="c">2010</subfield></datafield><datafield tag="300" ind1=" " ind2=" "><subfield code="a">30 Seiten</subfield><subfield code="c">26 cm</subfield></datafield><datafield tag="336" ind1=" " ind2=" "><subfield code="a">unmoving picture</subfield><subfield code="b">sti</subfield><subfield code="2">rdacontent</subfield><subfield code="8">1\x</subfield></datafield><datafield tag="336" ind1=" " ind2=" "><subfield code="a">text</subfield><subfield code="b">txt</subfield><subfield code="2">rdacontent</subfield><subfield code="8">2\x</subfield></datafield><datafield tag="337" ind1=" " ind2=" "><subfield code="a">unmediated</subfield><subfield code="b">n</subfield><subfield code="2">rdamedia</subfield></datafield><datafield tag="338" ind1=" " ind2=" "><subfield code="a">volume</subfield><subfield code="b">nc</subfield><subfield code="2">rdacarrier</subfield></datafield><datafield tag="650" ind1=" " ind2="7"><subfield code="a">Dogs</subfield><subfield code="0">(DE-Frei129)00347723</subfield><subfield code="2">local</subfield></datafield><datafield tag="650" ind1=" " ind2="7"><subfield code="a">Pictorial works</subfield><subfield code="0">(DE-Frei129)00237516</subfield><subfield code="2">local</subfield></datafield><datafield tag="650" ind1=" " ind2="7"><subfield code="a">Juvenile fiction</subfield><subfield code="0">(DE-Frei129)00282715</subfield><subfield code="2">local</subfield></datafield><datafield tag="650" ind1=" " ind2="7"><subfield code="a">Ballet</subfield><subfield code="0">(DE-Frei129)00278726</subfield><subfield code="2">local</subfield></datafield><datafield tag="650" ind1=" " ind2="7"><subfield code="a">Children&apos;s stories</subfield><subfield code="0">(DE-Frei129)00343656</subfield><subfield code="2">local</subfield></datafield><datafield tag="689" ind1="0" ind2="0"><subfield code="A">s</subfield><subfield code="a">Dogs </subfield></datafield><datafield tag="689" ind1="0" ind2="1"><subfield code="A">s</subfield><subfield code="a">Pictorial works </subfield></datafield><datafield tag="689" ind1="0" ind2="2"><subfield code="A">s</subfield><subfield code="a">Juvenile fiction</subfield><subfield code="5">DE-101</subfield></datafield><datafield tag="689" ind1="1" ind2="0"><subfield code="A">s</subfield><subfield code="a">Ballet </subfield></datafield><datafield tag="689" ind1="1" ind2="1"><subfield code="A">s</subfield><subfield code="a">Pictorial works </subfield></datafield><datafield tag="689" ind1="1" ind2="2"><subfield code="A">s</subfield><subfield code="a">Juvenile fiction</subfield><subfield code="5">DE-101</subfield></datafield><datafield tag="689" ind1="2" ind2="0"><subfield code="A">s</subfield><subfield code="a">Children&apos;s stories </subfield></datafield><datafield tag="689" ind1="2" ind2="1"><subfield code="A">s</subfield><subfield code="a">Pictorial works</subfield><subfield code="5">DE-101</subfield></datafield><datafield tag="700" ind1="1" ind2=" "><subfield code="0">(DE-588)1035682397</subfield><subfield code="0">(DE-Frei129)42007424</subfield><subfield code="a">Ogilvie, Sara</subfield><subfield code="4">art</subfield></datafield><datafield tag="852" ind1=" " ind2=" "><subfield code="a">Frei 129</subfield><subfield code="b">PHFR</subfield><subfield code="c">ED 5540 K32 D6</subfield></datafield><datafield tag="980" ind1="0" ind2=" "><subfield code="a">00425832</subfield><subfield code="9">(PHFR)</subfield><subfield code="b">Handbibliothek (50)</subfield><subfield code="c">JuLi L 50: 262</subfield><subfield code="d">Handbibliothek - nie verleihbar (54)</subfield><subfield code="e">Verfügbar (X)</subfield></datafield></record>