
<record><leader>08314nam a2200000uu 4500</leader><controlfield tag="001">42066875</controlfield><controlfield tag="003">DE-Frei129</controlfield><controlfield tag="005">20220811084010.0</controlfield><controlfield tag="007">tu</controlfield><controlfield tag="008">170925s2010    ||||||||||||||||||||eng||</controlfield><datafield tag="020" ind1=" " ind2=" "><subfield code="a">9780330511186</subfield><subfield code="9">9780330511186</subfield><subfield code="c">(pbk.) £5.99</subfield></datafield><datafield tag="020" ind1=" " ind2=" "><subfield code="a">0330511181</subfield><subfield code="9">0330511181</subfield><subfield code="c">(pbk.) £5.99</subfield></datafield><datafield tag="035" ind1=" " ind2=" "><subfield code="a">(DE-576)1628536594</subfield></datafield><datafield tag="040" ind1=" " ind2=" "><subfield code="e">rda</subfield></datafield><datafield tag="041" ind1=" " ind2=" "><subfield code="a">eng</subfield></datafield><datafield tag="044" ind1=" " ind2=" "><subfield code="c">XA-GB</subfield></datafield><datafield tag="100" ind1="1" ind2=" "><subfield code="a">Donaldson, Julia</subfield><subfield code="0">(DE-Frei129)00101860</subfield><subfield code="0">(DE-588)124452744</subfield></datafield><datafield tag="245" ind1="1" ind2="0"><subfield code="a">Freddie and the fairy</subfield><subfield code="c">Julia Donaldson, Karen George</subfield></datafield><datafield tag="264" ind1=" " ind2="4"><subfield code="a">London</subfield><subfield code="b">Macmillan Children&apos;s Books</subfield><subfield code="c">2010</subfield></datafield><datafield tag="300" ind1=" " ind2=" "><subfield code="a">28 ungezählte Seiten</subfield><subfield code="c">27 cm</subfield></datafield><datafield tag="336" ind1=" " ind2=" "><subfield code="a">unmoving picture</subfield><subfield code="b">sti</subfield><subfield code="2">rdacontent</subfield><subfield code="8">1\x</subfield></datafield><datafield tag="336" ind1=" " ind2=" "><subfield code="a">text</subfield><subfield code="b">txt</subfield><subfield code="2">rdacontent</subfield><subfield code="8">2\x</subfield></datafield><datafield tag="337" ind1=" " ind2=" "><subfield code="a">unmediated</subfield><subfield code="b">n</subfield><subfield code="2">rdamedia</subfield></datafield><datafield tag="338" ind1=" " ind2=" "><subfield code="a">volume</subfield><subfield code="b">nc</subfield><subfield code="2">rdacarrier</subfield></datafield><datafield tag="500" ind1=" " ind2=" "><subfield code="a">Formerly CIP Uk</subfield></datafield><datafield tag="500" ind1=" " ind2=" "><subfield code="a">Überwiegend Illustrationen (farbig)</subfield></datafield><datafield tag="650" ind1=" " ind2="7"><subfield code="a">Junge</subfield><subfield code="0">(DE-Frei129)00012822</subfield><subfield code="0">(DE-588)4029002-5</subfield><subfield code="2">gnd</subfield></datafield><datafield tag="650" ind1=" " ind2="7"><subfield code="a">Freundschaft</subfield><subfield code="0">(DE-Frei129)00008734</subfield><subfield code="0">(DE-588)4018480-8</subfield><subfield code="2">gnd</subfield></datafield><datafield tag="650" ind1=" " ind2="7"><subfield code="a">Fee</subfield><subfield code="0">(DE-Frei129)00056999</subfield><subfield code="0">(DE-588)4325485-8</subfield><subfield code="2">gnd</subfield></datafield><datafield tag="650" ind1=" " ind2="7"><subfield code="a">Wunscherfüllung</subfield><subfield code="0">(DE-Frei129)00104440</subfield><subfield code="0">(DE-588)4537709-1</subfield><subfield code="2">gnd</subfield></datafield><datafield tag="650" ind1=" " ind2="7"><subfield code="a">Verserzählung</subfield><subfield code="0">(DE-Frei129)00062656</subfield><subfield code="0">(DE-588)4187991-0</subfield><subfield code="2">gnd</subfield></datafield><datafield tag="650" ind1=" " ind2="7"><subfield code="a">Hearing impaired</subfield><subfield code="0">(DE-Frei129)00441270</subfield><subfield code="2">local</subfield></datafield><datafield tag="650" ind1=" " ind2="7"><subfield code="a">Pictorial works</subfield><subfield code="0">(DE-Frei129)00237516</subfield><subfield code="2">local</subfield></datafield><datafield tag="650" ind1=" " ind2="7"><subfield code="a">Juvenile fiction</subfield><subfield code="0">(DE-Frei129)00282715</subfield><subfield code="2">local</subfield></datafield><datafield tag="650" ind1=" " ind2="7"><subfield code="a">Wishes</subfield><subfield code="0">(DE-Frei129)00760340</subfield><subfield code="2">local</subfield></datafield><datafield tag="650" ind1=" " ind2="7"><subfield code="a">Fairies</subfield><subfield code="0">(DE-Frei129)00767968</subfield><subfield code="2">local</subfield></datafield><datafield tag="650" ind1=" " ind2="7"><subfield code="a">Stories in rhyme</subfield><subfield code="0">(DE-Frei129)00414039</subfield><subfield code="2">local</subfield></datafield><datafield tag="650" ind1=" " ind2="7"><subfield code="a">Children&apos;s stories</subfield><subfield code="0">(DE-Frei129)00343656</subfield><subfield code="2">local</subfield></datafield><datafield tag="689" ind1="0" ind2="0"><subfield code="0">(DE-588)4029002-5</subfield><subfield code="D">s</subfield><subfield code="a">Junge </subfield></datafield><datafield tag="689" ind1="0" ind2="1"><subfield code="0">(DE-588)4018480-8</subfield><subfield code="D">s</subfield><subfield code="a">Freundschaft </subfield></datafield><datafield tag="689" ind1="0" ind2="2"><subfield code="0">(DE-588)4325485-8</subfield><subfield code="D">s</subfield><subfield code="a">Fee </subfield></datafield><datafield tag="689" ind1="0" ind2="3"><subfield code="0">(DE-588)4537709-1</subfield><subfield code="D">s</subfield><subfield code="a">Wunscherfüllung </subfield></datafield><datafield tag="689" ind1="0" ind2="4"><subfield code="0">(DE-588)4187991-0</subfield><subfield code="D">s</subfield><subfield code="a">Verserzählung</subfield><subfield code="5">DE-101</subfield></datafield><datafield tag="689" ind1="1" ind2="0"><subfield code="A">s</subfield><subfield code="a">Hearing impaired </subfield></datafield><datafield tag="689" ind1="1" ind2="1"><subfield code="A">s</subfield><subfield code="a">Pictorial works </subfield></datafield><datafield tag="689" ind1="1" ind2="2"><subfield code="A">s</subfield><subfield code="a">Juvenile fiction</subfield><subfield code="5">DE-101</subfield></datafield><datafield tag="689" ind1="2" ind2="0"><subfield code="A">s</subfield><subfield code="a">Wishes </subfield></datafield><datafield tag="689" ind1="2" ind2="1"><subfield code="A">s</subfield><subfield code="a">Pictorial works </subfield></datafield><datafield tag="689" ind1="2" ind2="2"><subfield code="A">s</subfield><subfield code="a">Juvenile fiction</subfield><subfield code="5">DE-101</subfield></datafield><datafield tag="689" ind1="3" ind2="0"><subfield code="A">s</subfield><subfield code="a">Fairies </subfield></datafield><datafield tag="689" ind1="3" ind2="1"><subfield code="A">s</subfield><subfield code="a">Pictorial works </subfield></datafield><datafield tag="689" ind1="3" ind2="2"><subfield code="A">s</subfield><subfield code="a">Juvenile fiction</subfield><subfield code="5">DE-101</subfield></datafield><datafield tag="689" ind1="4" ind2="0"><subfield code="A">s</subfield><subfield code="a">Stories in rhyme</subfield><subfield code="5">DE-101</subfield></datafield><datafield tag="689" ind1="5" ind2="0"><subfield code="A">s</subfield><subfield code="a">Children&apos;s stories </subfield></datafield><datafield tag="689" ind1="5" ind2="1"><subfield code="A">s</subfield><subfield code="a">Pictorial works</subfield><subfield code="5">DE-101</subfield></datafield><datafield tag="700" ind1="1" ind2=" "><subfield code="0">(DE-588)137411499</subfield><subfield code="0">(DE-Frei129)42007423</subfield><subfield code="a">George, Karen</subfield><subfield code="4">art</subfield></datafield><datafield tag="852" ind1=" " ind2=" "><subfield code="a">Frei 129</subfield><subfield code="b">PHFR</subfield><subfield code="c">ED 5540 D676 F8</subfield></datafield><datafield tag="980" ind1="0" ind2=" "><subfield code="a">00425829</subfield><subfield code="9">(PHFR)</subfield><subfield code="b">Handbibliothek (50)</subfield><subfield code="c">JuLi L 50: 266</subfield><subfield code="d">Handbibliothek - nie verleihbar (54)</subfield><subfield code="e">Verfügbar (X)</subfield></datafield></record>