
<record><leader>02101nam a2200000uuc4500</leader><controlfield tag="001">42066759</controlfield><controlfield tag="003">DE-Frei129</controlfield><controlfield tag="005">20220811084011.0</controlfield><controlfield tag="007">tu</controlfield><controlfield tag="008">101103s2010    ||||||||||||||||||||ger||</controlfield><datafield tag="020" ind1=" " ind2=" "><subfield code="a">9783468465024</subfield><subfield code="9">978-3-468-46502-4</subfield></datafield><datafield tag="035" ind1=" " ind2=" "><subfield code="a">(DE-576)1402958102</subfield></datafield><datafield tag="041" ind1=" " ind2=" "><subfield code="a">ger</subfield></datafield><datafield tag="245" ind1="1" ind2="0"><subfield code="a">Das schnelle Glück</subfield><subfield code="n">Buch</subfield><subfield code="c">[von Theo Scherling und Elke Burger]</subfield></datafield><datafield tag="260" ind1="3" ind2=" "><subfield code="a">Berlin ; München [u.a.]</subfield><subfield code="b">Langenscheidt</subfield><subfield code="c">2010</subfield></datafield><datafield tag="300" ind1=" " ind2=" "><subfield code="a">64  Seiten</subfield><subfield code="b">zahlr. Ill.</subfield></datafield><datafield tag="490" ind1="1" ind2=" "><subfield code="a"> &#152;Das&#156; schnelle Glück. - CD.</subfield></datafield><datafield tag="700" ind1="1" ind2=" "><subfield code="0">(DE-Frei129)01015346</subfield><subfield code="a">Scherling, Theo</subfield><subfield code="4">aut</subfield></datafield><datafield tag="773" ind1="0" ind2="8"><subfield code="w">(DE-Frei129)42066760</subfield><subfield code="q">BUCH42010</subfield></datafield><datafield tag="852" ind1=" " ind2=" "><subfield code="a">Frei 129</subfield><subfield code="b">PHFR</subfield><subfield code="c">GB 3056 S326 G5</subfield></datafield><datafield tag="980" ind1="0" ind2=" "><subfield code="a">00425559</subfield><subfield code="9">(PHFR)</subfield><subfield code="b">Handbibliothek (50)</subfield><subfield code="c">Deu P 530: 34</subfield><subfield code="d">Handbibliothek - nie verleihbar (54)</subfield><subfield code="e">Verfügbar (X)</subfield></datafield></record>