
<record><leader>02213nam a2200000uuc4500</leader><controlfield tag="001">42066724</controlfield><controlfield tag="003">DE-Frei129</controlfield><controlfield tag="005">20220811084011.0</controlfield><controlfield tag="007">tu</controlfield><controlfield tag="008">101129s2010    ||||||||||||||||||||ger||</controlfield><datafield tag="035" ind1=" " ind2=" "><subfield code="a">(DE-576)1404183108</subfield></datafield><datafield tag="041" ind1=" " ind2=" "><subfield code="a">ger</subfield><subfield code="a">rus</subfield></datafield><datafield tag="044" ind1=" " ind2=" "><subfield code="c">XA-DE-BY</subfield></datafield><datafield tag="245" ind1="1" ind2="0"><subfield code="a">Wie pinkelt eigentlich ein Huhn?</subfield><subfield code="b">Deutsch-Russisch; inkl. mehrsprachiger Hör-CD!</subfield><subfield code="n">Buch</subfield><subfield code="c">Sabine Busche. Übers.: Evgeni Vishnevski</subfield></datafield><datafield tag="260" ind1="3" ind2=" "><subfield code="a">München</subfield><subfield code="b">Ed. bi-libri</subfield><subfield code="c">2010</subfield></datafield><datafield tag="300" ind1=" " ind2=" "><subfield code="a">ca. 32  Seiten</subfield><subfield code="b">überw. Ill.</subfield></datafield><datafield tag="490" ind1="1" ind2=" "><subfield code="a">Wie pinkelt eigentlich ein Huhn? : Deutsch-Russisch; inkl. mehrsprachiger Hör-CD!. - Hör-CD.</subfield></datafield><datafield tag="700" ind1="1" ind2=" "><subfield code="0">(DE-Frei129)42007404</subfield><subfield code="a">Busche, Sabine</subfield><subfield code="4">aut</subfield></datafield><datafield tag="773" ind1="0" ind2="8"><subfield code="w">(DE-Frei129)42066725</subfield><subfield code="q">Buch</subfield></datafield><datafield tag="852" ind1=" " ind2=" "><subfield code="a">Frei 129</subfield><subfield code="b">PHFR</subfield><subfield code="c">ED 5540 B977</subfield></datafield><datafield tag="980" ind1="0" ind2=" "><subfield code="a">00425510</subfield><subfield code="9">(PHFR)</subfield><subfield code="b">Handbibliothek (50)</subfield><subfield code="c">JuLi D Bus 1: 1</subfield><subfield code="d">Handbibliothek - nie verleihbar (54)</subfield><subfield code="e">Verfügbar (X)</subfield></datafield></record>