
<record><leader>03633nam a2200000uu 4500</leader><controlfield tag="001">42066718</controlfield><controlfield tag="003">DE-Frei129</controlfield><controlfield tag="005">20220811084011.0</controlfield><controlfield tag="007">tu</controlfield><controlfield tag="008">141212s2010    ||||||||||||||||||||ger||</controlfield><datafield tag="020" ind1=" " ind2=" "><subfield code="a">9783195995948</subfield><subfield code="9">978-3-19-599594-8</subfield></datafield><datafield tag="020" ind1=" " ind2=" "><subfield code="z">9783314017100</subfield><subfield code="9">978-3-314-01710-0</subfield></datafield><datafield tag="035" ind1=" " ind2=" "><subfield code="a">(DE-576)1612597092</subfield></datafield><datafield tag="040" ind1=" " ind2=" "><subfield code="e">rda</subfield></datafield><datafield tag="041" ind1=" " ind2=" "><subfield code="a">ger</subfield><subfield code="a">tur</subfield></datafield><datafield tag="044" ind1=" " ind2=" "><subfield code="c">XA-DE-BY</subfield></datafield><datafield tag="100" ind1="1" ind2=" "><subfield code="a">Pfister, Marcus</subfield><subfield code="0">(DE-Frei129)00094998</subfield><subfield code="0">(DE-588)119495155</subfield><subfield code="4">aut</subfield></datafield><datafield tag="245" ind1="1" ind2="4"><subfield code="a">Der Regenbogenfisch entdeckt die Tiefsee</subfield><subfield code="c">Marcus Pfister</subfield></datafield><datafield tag="246" ind1="1" ind2="1"><subfield code="a">Gökkuşağı Balığı derin denizleri keşfediyor</subfield></datafield><datafield tag="250" ind1=" " ind2=" "><subfield code="a">2. Auflage</subfield></datafield><datafield tag="264" ind1=" " ind2="4"><subfield code="a">Zürich</subfield><subfield code="b">NordSüd</subfield><subfield code="c">2010</subfield></datafield><datafield tag="264" ind1=" " ind2="4"><subfield code="a">München</subfield><subfield code="b">bi:libri</subfield></datafield><datafield tag="300" ind1=" " ind2=" "><subfield code="a">28 ungezählte Seiten</subfield><subfield code="c">287 mm x 215 mm</subfield></datafield><datafield tag="336" ind1=" " ind2=" "><subfield code="a">unmoving picture</subfield><subfield code="b">sti</subfield><subfield code="2">rdacontent</subfield><subfield code="8">1\x</subfield></datafield><datafield tag="336" ind1=" " ind2=" "><subfield code="a">text</subfield><subfield code="b">txt</subfield><subfield code="2">rdacontent</subfield><subfield code="8">2\x</subfield></datafield><datafield tag="337" ind1=" " ind2=" "><subfield code="a">unmediated</subfield><subfield code="b">n</subfield><subfield code="2">rdamedia</subfield></datafield><datafield tag="338" ind1=" " ind2=" "><subfield code="a">volume</subfield><subfield code="b">nc</subfield><subfield code="2">rdacarrier</subfield></datafield><datafield tag="500" ind1=" " ind2=" "><subfield code="a">Bilderbuch in zwei Sprachen, inklusive MP3-Hörbuch in 8 Sprachen</subfield></datafield><datafield tag="700" ind1="1" ind2=" "><subfield code="0">(DE-588)119495155</subfield><subfield code="0">(DE-Frei129)00094998</subfield><subfield code="a">Pfister, Marcus</subfield><subfield code="4">art</subfield></datafield><datafield tag="852" ind1=" " ind2=" "><subfield code="a">Frei 129</subfield><subfield code="b">PHFR</subfield><subfield code="c">ED 5540 P529 E6</subfield></datafield><datafield tag="980" ind1="0" ind2=" "><subfield code="a">00425503</subfield><subfield code="9">(PHFR)</subfield><subfield code="b">Handbibliothek (50)</subfield><subfield code="c">JuLi D Pfi 1: 8</subfield><subfield code="d">Handbibliothek - nie verleihbar (54)</subfield><subfield code="e">Verfügbar (X)</subfield></datafield></record>