
<record><leader>02789nam a2200000uuc4500</leader><controlfield tag="001">42066666</controlfield><controlfield tag="003">DE-Frei129</controlfield><controlfield tag="005">20220811084011.0</controlfield><controlfield tag="007">tu</controlfield><controlfield tag="008">110210s2010    ||||||||||||||||||||ger||</controlfield><datafield tag="015" ind1=" " ind2=" "><subfield code="a">11,A05</subfield></datafield><datafield tag="016" ind1="7" ind2=" "><subfield code="a">1001423526</subfield><subfield code="2">DE-101</subfield></datafield><datafield tag="020" ind1=" " ind2=" "><subfield code="a">9783126768009</subfield><subfield code="9">9783126768009</subfield><subfield code="c">kart. : EUR 19.95, sfr 32.90 (freier Pr.)</subfield></datafield><datafield tag="024" ind1="3" ind2=" "><subfield code="a">9783126768009</subfield></datafield><datafield tag="035" ind1=" " ind2=" "><subfield code="a">(DE-576)1407267132</subfield></datafield><datafield tag="041" ind1=" " ind2=" "><subfield code="a">ger</subfield></datafield><datafield tag="100" ind1="1" ind2=" "><subfield code="a">Eichheim, Hubert</subfield><subfield code="0">(DE-Frei129)00096467</subfield><subfield code="0">(DE-588)12063452X</subfield></datafield><datafield tag="245" ind1="1" ind2="0"><subfield code="a">Mit Erfolg zum Zertifikat Deutsch</subfield><subfield code="b">B1</subfield><subfield code="n">Buch</subfield><subfield code="p">Übungsbuch / Hubert Eichheim</subfield><subfield code="c">Hubert Eichheim...</subfield></datafield><datafield tag="250" ind1=" " ind2=" "><subfield code="a">[Neuausg.], 1. Aufl.</subfield></datafield><datafield tag="260" ind1="3" ind2=" "><subfield code="a">Stuttgart ; [Leipzig]</subfield><subfield code="b">Klett Sprachen</subfield><subfield code="c">2010</subfield></datafield><datafield tag="300" ind1=" " ind2=" "><subfield code="a">176 Seiten</subfield></datafield><datafield tag="490" ind1="1" ind2=" "><subfield code="a">Mit Erfolg zum Zertifikat Deutsch : B1. - CD. Übungsbuch</subfield></datafield><datafield tag="500" ind1=" " ind2=" "><subfield code="a">Archivierung/Langzeitarchivierung gewährleistet</subfield></datafield><datafield tag="773" ind1="0" ind2="8"><subfield code="w">(DE-Frei129)42066658</subfield><subfield code="q">UEBUBUCH42010</subfield></datafield><datafield tag="852" ind1=" " ind2=" "><subfield code="a">Frei 129</subfield><subfield code="b">PHFR</subfield><subfield code="c">GB 3044 E34 A</subfield></datafield><datafield tag="980" ind1="0" ind2=" "><subfield code="a">00425454</subfield><subfield code="9">(PHFR)</subfield><subfield code="b">Handbibliothek (50)</subfield><subfield code="c">Deu S 150: 105 Ü</subfield><subfield code="d">Handbibliothek - nie verleihbar (54)</subfield><subfield code="e">Verfügbar (X)</subfield></datafield></record>