
<record><leader>02124nam a2200000uuc4500</leader><controlfield tag="001">42066649</controlfield><controlfield tag="003">DE-Frei129</controlfield><controlfield tag="005">20220811084011.0</controlfield><controlfield tag="007">tu</controlfield><controlfield tag="008">100527s2010    ||||||||||||||||||||ger||</controlfield><datafield tag="020" ind1=" " ind2=" "><subfield code="a">9783468474255</subfield><subfield code="9">978-3-468-47425-5</subfield></datafield><datafield tag="035" ind1=" " ind2=" "><subfield code="a">(DE-576)1393620590</subfield></datafield><datafield tag="041" ind1=" " ind2=" "><subfield code="a">ger</subfield></datafield><datafield tag="245" ind1="1" ind2="0"><subfield code="a">Logisch!</subfield><subfield code="b">Deutsch für Jugendliche</subfield><subfield code="n">A1, Gammatiktrainer</subfield><subfield code="p">Grammatiktrainer, A1 / Paul Rusch</subfield><subfield code="c">von Ute Koithan ...</subfield></datafield><datafield tag="260" ind1="3" ind2=" "><subfield code="a">Berlin ; München [u.a.]</subfield><subfield code="b">Langenscheidt</subfield><subfield code="c">2010</subfield></datafield><datafield tag="300" ind1=" " ind2=" "><subfield code="a">63  Seiten</subfield><subfield code="b">Ill.</subfield></datafield><datafield tag="700" ind1="1" ind2=" "><subfield code="0">(DE-588)140797327</subfield><subfield code="0">(DE-Frei129)01015288</subfield><subfield code="a">Rusch, Paul</subfield><subfield code="4">aut</subfield></datafield><datafield tag="773" ind1="0" ind2="8"><subfield code="w">(DE-Frei129)26046324</subfield><subfield code="q">A1GRAM</subfield></datafield><datafield tag="852" ind1=" " ind2=" "><subfield code="a">Frei 129</subfield><subfield code="b">PHFR</subfield><subfield code="c">GB 3044 L832 Z -1</subfield></datafield><datafield tag="980" ind1="0" ind2=" "><subfield code="a">00425426</subfield><subfield code="9">(PHFR)</subfield><subfield code="b">Handbibliothek (50)</subfield><subfield code="c">Deu S 100: 13 G,1</subfield><subfield code="d">Handbibliothek - nie verleihbar (54)</subfield><subfield code="e">Verfügbar (X)</subfield></datafield></record>