
<record><leader>02697nam a2200000uuc4500</leader><controlfield tag="001">42066638</controlfield><controlfield tag="003">DE-Frei129</controlfield><controlfield tag="005">20220811084011.0</controlfield><controlfield tag="007">tu</controlfield><controlfield tag="008">100112s2010    ||||||||||||||||||||ger||</controlfield><datafield tag="020" ind1=" " ind2=" "><subfield code="a">9783190218233</subfield><subfield code="9">978-3-19-021823-3</subfield></datafield><datafield tag="024" ind1="3" ind2=" "><subfield code="a">9783190218233</subfield></datafield><datafield tag="035" ind1=" " ind2=" "><subfield code="a">(DE-576)1385033975</subfield></datafield><datafield tag="041" ind1=" " ind2=" "><subfield code="a">ger</subfield></datafield><datafield tag="245" ind1="1" ind2="0"><subfield code="a">Ideen</subfield><subfield code="b">Deutsch als Fremdsprache</subfield><subfield code="n">1, Lehrerhandbuch</subfield><subfield code="p">Lehrerhandbuch [Niveau A1] / Wilfried Krenn; Herbert Puchta; Martina Rose</subfield><subfield code="c">Wilfried Krenn; Herbert Puchta</subfield></datafield><datafield tag="250" ind1=" " ind2=" "><subfield code="a">1. Aufl.</subfield></datafield><datafield tag="260" ind1="3" ind2=" "><subfield code="a">Ismaning</subfield><subfield code="b">Hüber</subfield><subfield code="c">2010</subfield></datafield><datafield tag="300" ind1=" " ind2=" "><subfield code="a">190  Seiten</subfield><subfield code="b">Ill.</subfield></datafield><datafield tag="700" ind1="1" ind2=" "><subfield code="0">(DE-Frei129)00128501</subfield><subfield code="a">Krenn, Wilfried</subfield><subfield code="4">oth</subfield></datafield><datafield tag="700" ind1="1" ind2=" "><subfield code="0">(DE-588)133906574</subfield><subfield code="0">(DE-Frei129)00043606</subfield><subfield code="a">Puchta, Herbert</subfield><subfield code="4">oth</subfield></datafield><datafield tag="700" ind1="1" ind2=" "><subfield code="0">(DE-Frei129)42007389</subfield><subfield code="a">Rose, Martina</subfield><subfield code="4">oth</subfield></datafield><datafield tag="773" ind1="0" ind2="8"><subfield code="w">(DE-Frei129)42066632</subfield><subfield code="q">11LEHR1142010</subfield></datafield><datafield tag="852" ind1=" " ind2=" "><subfield code="a">Frei 129</subfield><subfield code="b">PHFR</subfield><subfield code="c">GB 3044 I19 L -1</subfield></datafield><datafield tag="980" ind1="0" ind2=" "><subfield code="a">00425397</subfield><subfield code="9">(PHFR)</subfield><subfield code="b">Handbibliothek (50)</subfield><subfield code="c">Deu S 100: 15 L,1</subfield><subfield code="d">Handbibliothek - nie verleihbar (54)</subfield><subfield code="e">Verfügbar (X)</subfield></datafield></record>