
<record><leader>02269nam a2200000uuc4500</leader><controlfield tag="001">42066630</controlfield><controlfield tag="003">DE-Frei129</controlfield><controlfield tag="005">20220811084011.0</controlfield><controlfield tag="007">tu</controlfield><controlfield tag="008">100525s2010    ||||||||||||||||||||ger||</controlfield><datafield tag="020" ind1=" " ind2=" "><subfield code="a">9783468474415</subfield><subfield code="9">978-3-468-47441-5</subfield></datafield><datafield tag="035" ind1=" " ind2=" "><subfield code="a">(DE-576)139349854X</subfield></datafield><datafield tag="041" ind1=" " ind2=" "><subfield code="a">ger</subfield></datafield><datafield tag="245" ind1="1" ind2="0"><subfield code="a">Logisch!</subfield><subfield code="b">Deutsch für Jugendliche</subfield><subfield code="n">A2, [Kursbuch]</subfield><subfield code="p">Kursbuch A2 / Stefanie Dengler ; Sarah Fleer</subfield><subfield code="c">von Ute Koithan ...</subfield></datafield><datafield tag="260" ind1="3" ind2=" "><subfield code="a">Berlin ; München [u.a.]</subfield><subfield code="b">Langenscheidt</subfield><subfield code="c">2010</subfield></datafield><datafield tag="300" ind1=" " ind2=" "><subfield code="a">128  Seiten</subfield><subfield code="b">Ill.</subfield></datafield><datafield tag="700" ind1="1" ind2=" "><subfield code="0">(DE-Frei129)00768716</subfield><subfield code="a">Dengler, Stefanie</subfield><subfield code="4">aut</subfield></datafield><datafield tag="700" ind1="1" ind2=" "><subfield code="0">(DE-Frei129)00778007</subfield><subfield code="a">Fleer, Sarah</subfield><subfield code="4">oth</subfield></datafield><datafield tag="773" ind1="0" ind2="8"><subfield code="w">(DE-Frei129)26046324</subfield><subfield code="q">A2KURS42010</subfield></datafield><datafield tag="852" ind1=" " ind2=" "><subfield code="a">Frei 129</subfield><subfield code="b">PHFR</subfield><subfield code="c">GB 3044 L832 -2</subfield></datafield><datafield tag="980" ind1="0" ind2=" "><subfield code="a">00425390</subfield><subfield code="9">(PHFR)</subfield><subfield code="b">Handbibliothek (50)</subfield><subfield code="c">Deu S 100: 13 A,2</subfield><subfield code="d">Handbibliothek - nie verleihbar (54)</subfield><subfield code="e">Verfügbar (X)</subfield></datafield></record>