
<record><leader>03928nam a2200000uu 4500</leader><controlfield tag="001">42066579</controlfield><controlfield tag="003">DE-Frei129</controlfield><controlfield tag="005">20220811084011.0</controlfield><controlfield tag="007">tu</controlfield><controlfield tag="008">101110s2010    ||||||||||||||||||||ger||</controlfield><datafield tag="015" ind1=" " ind2=" "><subfield code="a">10,A30</subfield></datafield><datafield tag="016" ind1="7" ind2=" "><subfield code="a">1002586119</subfield><subfield code="2">DE-101</subfield></datafield><datafield tag="020" ind1=" " ind2=" "><subfield code="a">9783873877702</subfield><subfield code="9">9783873877702</subfield><subfield code="c">kart. : EUR 24.90 (DE, freier Pr.), EUR 25.60 (AT, freier Pr.)</subfield></datafield><datafield tag="024" ind1="3" ind2=" "><subfield code="a">9783873877702</subfield></datafield><datafield tag="035" ind1=" " ind2=" "><subfield code="a">(DE-576)1606337483</subfield></datafield><datafield tag="041" ind1=" " ind2=" "><subfield code="a">ger</subfield></datafield><datafield tag="044" ind1=" " ind2=" "><subfield code="c">XA-DE-NW</subfield></datafield><datafield tag="100" ind1="1" ind2=" "><subfield code="a">Mohl, Alexa</subfield><subfield code="0">(DE-Frei129)00186029</subfield><subfield code="0">(DE-588)109728041</subfield></datafield><datafield tag="245" ind1="1" ind2="4"><subfield code="a">Der Zauberlehrling</subfield><subfield code="b">das NLP Lern- und Übungsbuch</subfield><subfield code="c">Alexa Mohl</subfield></datafield><datafield tag="250" ind1=" " ind2=" "><subfield code="a">9. Aufl.</subfield></datafield><datafield tag="260" ind1="3" ind2=" "><subfield code="a">Paderborn</subfield><subfield code="b">Junfermann</subfield><subfield code="c">2010</subfield></datafield><datafield tag="300" ind1=" " ind2=" "><subfield code="a">365 Seiten</subfield><subfield code="b">Ill.</subfield><subfield code="c">24 cm</subfield></datafield><datafield tag="490" ind1="0" ind2=" "><subfield code="a">Reihe Kommunikation NLP</subfield></datafield><datafield tag="500" ind1=" " ind2=" "><subfield code="a">Literaturangaben</subfield></datafield><datafield tag="500" ind1=" " ind2=" "><subfield code="a">Archivierung prüfen</subfield></datafield><datafield tag="650" ind1=" " ind2="7"><subfield code="a">Neurolinguistisches Programmieren</subfield><subfield code="0">(DE-Frei129)00071724</subfield><subfield code="0">(DE-588)4192909-3</subfield><subfield code="2">gnd</subfield></datafield><datafield tag="689" ind1="0" ind2="0"><subfield code="0">(DE-588)4192909-3</subfield><subfield code="D">s</subfield><subfield code="a">Neurolinguistisches Programmieren</subfield><subfield code="5">DE-101</subfield></datafield><datafield tag="776" ind1="0" ind2="8"><subfield code="a">Alexa Mohl</subfield><subfield code="i">Erscheint auch als Online-Ausgabe</subfield><subfield code="t">Der Zauberlehrling</subfield><subfield code="w">(DE-Frei129)03883602</subfield><subfield code="w">(DE-576)1655457691</subfield></datafield><datafield tag="776" ind1="0" ind2="8"><subfield code="a">Alexa Mohl</subfield><subfield code="i">Erscheint auch als Online-Ausgabe</subfield><subfield code="t">Der Zauberlehrling</subfield><subfield code="w">(DE-Frei129)42066580</subfield></datafield><datafield tag="852" ind1=" " ind2=" "><subfield code="a">Frei 129</subfield><subfield code="b">PHFR</subfield><subfield code="c">Psy L 280: 88,1</subfield></datafield><datafield tag="856" ind1="4" ind2=" "><subfield code="8">00</subfield><subfield code="u">http://d-nb.info/1002586119/04</subfield><subfield code="y">Inhaltsverzeichnis</subfield></datafield><datafield tag="980" ind1="0" ind2=" "><subfield code="a">00425193</subfield><subfield code="9">(PHFR)</subfield><subfield code="b">EG-Anbau (32)</subfield><subfield code="c">Psy L 280: 88,1</subfield><subfield code="d">Standardleihe (01)</subfield><subfield code="e">Verfügbar (X)</subfield></datafield></record>