
<record><leader>02396nam a2200000uu 4500</leader><controlfield tag="001">42066352</controlfield><controlfield tag="003">DE-Frei129</controlfield><controlfield tag="005">20220811084011.0</controlfield><controlfield tag="007">tu</controlfield><controlfield tag="008">170821s2010    ||||||||||||||||||||eng||</controlfield><datafield tag="020" ind1=" " ind2=" "><subfield code="a">9780985683207</subfield><subfield code="9">9780985683207</subfield></datafield><datafield tag="035" ind1=" " ind2=" "><subfield code="a">(DE-576)162776934X</subfield></datafield><datafield tag="040" ind1=" " ind2=" "><subfield code="e">rda</subfield></datafield><datafield tag="041" ind1=" " ind2=" "><subfield code="a">eng</subfield></datafield><datafield tag="100" ind1="1" ind2=" "><subfield code="a">Garcia Rawles, Calida</subfield><subfield code="0">(DE-Frei129)42007267</subfield><subfield code="4">aut</subfield></datafield><datafield tag="245" ind1="1" ind2="0"><subfield code="a">Same difference</subfield><subfield code="c">by Calida Garcia Rawles</subfield></datafield><datafield tag="250" ind1=" " ind2=" "><subfield code="a">Second edition</subfield></datafield><datafield tag="264" ind1=" " ind2="4"><subfield code="a">[S.l.]</subfield><subfield code="b">Same Difference Book</subfield><subfield code="c">2010</subfield></datafield><datafield tag="300" ind1=" " ind2=" "><subfield code="a">34 Seiten</subfield></datafield><datafield tag="336" ind1=" " ind2=" "><subfield code="a">text</subfield><subfield code="b">txt</subfield><subfield code="2">rdacontent</subfield></datafield><datafield tag="337" ind1=" " ind2=" "><subfield code="a">unmediated</subfield><subfield code="b">n</subfield><subfield code="2">rdamedia</subfield></datafield><datafield tag="338" ind1=" " ind2=" "><subfield code="a">volume</subfield><subfield code="b">nc</subfield><subfield code="2">rdacarrier</subfield></datafield><datafield tag="852" ind1=" " ind2=" "><subfield code="a">Frei 129</subfield><subfield code="b">PHFR</subfield><subfield code="c">HG 831 G216 (2)</subfield></datafield><datafield tag="980" ind1="0" ind2=" "><subfield code="a">00424225</subfield><subfield code="9">(PHFR)</subfield><subfield code="b">Handbibliothek (50)</subfield><subfield code="c">Fre O 780: 451</subfield><subfield code="d">Handbibliothek - nie verleihbar (54)</subfield><subfield code="e">Verfügbar (X)</subfield></datafield></record>