
<record><leader>02378nam a2200000uuc4500</leader><controlfield tag="001">42066195</controlfield><controlfield tag="003">DE-Frei129</controlfield><controlfield tag="005">20220811084011.0</controlfield><controlfield tag="007">tu</controlfield><controlfield tag="008">100609s2010    ||||||||||||||||||||ger||</controlfield><datafield tag="020" ind1=" " ind2=" "><subfield code="a">9783468472367</subfield><subfield code="9">978-3-468-47236-7</subfield></datafield><datafield tag="035" ind1=" " ind2=" "><subfield code="a">(DE-576)1394091117</subfield></datafield><datafield tag="041" ind1=" " ind2=" "><subfield code="a">ger</subfield></datafield><datafield tag="044" ind1=" " ind2=" "><subfield code="c">XA-DE</subfield><subfield code="c">XA-AT</subfield><subfield code="c">XA-CH</subfield></datafield><datafield tag="245" ind1="1" ind2="0"><subfield code="a">Berliner Platz NEU</subfield><subfield code="b">Deutsch im Alltag</subfield><subfield code="n">2, Treffpunkt D-A-C-H Landeskundeheft</subfield><subfield code="p">Treffpunkt D-A-CH : Landeskundeheft 2 / Christian Seiffert</subfield><subfield code="c">Christiane Lemcke; Theo Scherling; Lutz Rohrmann. Susan Kaufmann: Im Alltag extra. Margarete Rodi: Testtraining</subfield></datafield><datafield tag="260" ind1="3" ind2=" "><subfield code="a">Berlin [u.a.]</subfield><subfield code="b">Langenscheidt</subfield><subfield code="c">2010</subfield></datafield><datafield tag="300" ind1=" " ind2=" "><subfield code="a">48  Seiten</subfield><subfield code="b">Ill.</subfield></datafield><datafield tag="700" ind1="1" ind2=" "><subfield code="0">(DE-Frei129)00791427</subfield><subfield code="a">Seiffert, Christian</subfield><subfield code="4">aut</subfield></datafield><datafield tag="773" ind1="0" ind2="8"><subfield code="w">(DE-Frei129)00511061</subfield><subfield code="q">12LANDESK42010</subfield></datafield><datafield tag="852" ind1=" " ind2=" "><subfield code="a">Frei 129</subfield><subfield code="b">PHFR</subfield><subfield code="c">GB 3044 B482 Z1 -2</subfield></datafield><datafield tag="980" ind1="0" ind2=" "><subfield code="a">00423599</subfield><subfield code="9">(PHFR)</subfield><subfield code="b">Handbibliothek (50)</subfield><subfield code="c">Deu S 150: 75 LK,2</subfield><subfield code="d">Handbibliothek - nie verleihbar (54)</subfield><subfield code="e">Verfügbar (X)</subfield></datafield></record>