
<record><leader>05164nam a2200000uu 4500</leader><controlfield tag="001">42066174</controlfield><controlfield tag="003">DE-Frei129</controlfield><controlfield tag="005">20220811084011.0</controlfield><controlfield tag="007">tu</controlfield><controlfield tag="008">090610s2010    ||||||||||||||||||||eng||</controlfield><datafield tag="015" ind1=" " ind2=" "><subfield code="a">09,A52,1227</subfield></datafield><datafield tag="015" ind1=" " ind2=" "><subfield code="a">09,N25,0428</subfield></datafield><datafield tag="016" ind1="7" ind2=" "><subfield code="a">994499310</subfield><subfield code="2">DE-101</subfield></datafield><datafield tag="020" ind1=" " ind2=" "><subfield code="a">9783468348822</subfield><subfield code="9">9783468348822</subfield><subfield code="c">kart. : EUR 13.95 (DE), EUR 14.40 (AT), sfr 25.60 (freier Pr.)</subfield></datafield><datafield tag="024" ind1="3" ind2=" "><subfield code="a">9783468348822</subfield></datafield><datafield tag="035" ind1=" " ind2=" "><subfield code="a">(DE-576)601543424</subfield></datafield><datafield tag="041" ind1=" " ind2=" "><subfield code="a">eng</subfield><subfield code="a">ger</subfield></datafield><datafield tag="044" ind1=" " ind2=" "><subfield code="c">XA-DE-BY</subfield></datafield><datafield tag="245" ind1="1" ind2="0"><subfield code="a">Langenscheidt, German grammar in a nutshell</subfield><subfield code="c">von Christine Stief und Christian Stang</subfield></datafield><datafield tag="246" ind1="1" ind2="0"><subfield code="a">German grammar in a Nutshell = Deutsche Grammatik - kurz und schmerzlos</subfield></datafield><datafield tag="246" ind1="1" ind2="1"><subfield code="a">Deutsche Grammatik - kurz und schmerzlos</subfield></datafield><datafield tag="260" ind1="3" ind2=" "><subfield code="a">München [u.a.]</subfield><subfield code="b">Langenscheidt</subfield><subfield code="c">2010</subfield></datafield><datafield tag="300" ind1=" " ind2=" "><subfield code="a">197 Seiten</subfield><subfield code="b">Ill.</subfield><subfield code="c">19 cm</subfield></datafield><datafield tag="500" ind1=" " ind2=" "><subfield code="a">IMD-Felder maschinell generiert (GBV)</subfield></datafield><datafield tag="650" ind1=" " ind2="7"><subfield code="a">Deutsch</subfield><subfield code="0">(DE-Frei129)00001208</subfield><subfield code="0">(DE-588)4113292-0</subfield><subfield code="2">gnd</subfield></datafield><datafield tag="650" ind1=" " ind2="7"><subfield code="a">Fremdsprache</subfield><subfield code="0">(DE-Frei129)00008716</subfield><subfield code="0">(DE-588)4018424-9</subfield><subfield code="2">gnd</subfield></datafield><datafield tag="650" ind1=" " ind2="7"><subfield code="a">Grammatik</subfield><subfield code="0">(DE-Frei129)00010102</subfield><subfield code="0">(DE-588)4021806-5</subfield><subfield code="2">gnd</subfield></datafield><datafield tag="689" ind1="0" ind2="0"><subfield code="0">(DE-588)4113292-0</subfield><subfield code="D">s</subfield><subfield code="a">Deutsch </subfield></datafield><datafield tag="689" ind1="0" ind2="1"><subfield code="0">(DE-588)4018424-9</subfield><subfield code="D">s</subfield><subfield code="a">Fremdsprache </subfield></datafield><datafield tag="689" ind1="0" ind2="2"><subfield code="0">(DE-588)4021806-5</subfield><subfield code="D">s</subfield><subfield code="a">Grammatik</subfield><subfield code="5">DE-101</subfield></datafield><datafield tag="700" ind1="1" ind2=" "><subfield code="0">(DE-Frei129)00228949</subfield><subfield code="a">Stief, Christine</subfield><subfield code="4">aut</subfield></datafield><datafield tag="700" ind1="1" ind2=" "><subfield code="0">(DE-588)114026157</subfield><subfield code="0">(DE-Frei129)00101641</subfield><subfield code="a">Stang, Christian</subfield><subfield code="4">aut</subfield></datafield><datafield tag="852" ind1=" " ind2=" "><subfield code="a">Frei 129</subfield><subfield code="b">PHFR</subfield><subfield code="c">GB 3046 S855</subfield></datafield><datafield tag="856" ind1="4" ind2=" "><subfield code="8">00</subfield><subfield code="u">http://d-nb.info/994499310/04</subfield><subfield code="y">Kurzbeschreibung des Verlags</subfield></datafield><datafield tag="856" ind1="4" ind2=" "><subfield code="8">01</subfield><subfield code="u">http://deposit.d-nb.de/cgi-bin/dokserv?id=3312865&amp;prov=M&amp;dok_var=1&amp;dok_ext=htm</subfield><subfield code="y">Inhaltstext</subfield></datafield><datafield tag="856" ind1="4" ind2=" "><subfield code="8">02</subfield><subfield code="u">http://deposit.d-nb.de/cgi-bin/dokserv?id=3312865&amp;prov=M&amp;dok_var=1&amp;dok_ext=htm</subfield><subfield code="y">Inhaltstext</subfield></datafield><datafield tag="856" ind1="4" ind2=" "><subfield code="8">03</subfield><subfield code="u">http://d-nb.info/994499310/04</subfield><subfield code="y">Inhaltsverzeichnis</subfield></datafield><datafield tag="980" ind1="0" ind2=" "><subfield code="a">00423550</subfield><subfield code="9">(PHFR)</subfield><subfield code="b">Handbibliothek (50)</subfield><subfield code="c">Deu P 565: 32</subfield><subfield code="d">Handbibliothek - nie verleihbar (54)</subfield><subfield code="e">Verfügbar (X)</subfield></datafield></record>