
<record><leader>06207nam a2200000uu 4500</leader><controlfield tag="001">42066171</controlfield><controlfield tag="003">DE-Frei129</controlfield><controlfield tag="005">20220811084011.0</controlfield><controlfield tag="007">tu</controlfield><controlfield tag="008">100113s2010    ||||||||||||||||||||ger||</controlfield><datafield tag="015" ind1=" " ind2=" "><subfield code="a">10,N02</subfield></datafield><datafield tag="016" ind1="7" ind2=" "><subfield code="a">999021818</subfield><subfield code="2">DE-101</subfield></datafield><datafield tag="020" ind1=" " ind2=" "><subfield code="a">9783468341137</subfield><subfield code="9">9783468341137</subfield><subfield code="c">kart. : EUR 12.95 (DE), EUR 13.40 (AT), sfr 25.00 (freier Pr.)</subfield></datafield><datafield tag="024" ind1="3" ind2=" "><subfield code="a">9783468341137</subfield></datafield><datafield tag="035" ind1=" " ind2=" "><subfield code="a">(DE-576)616407394</subfield></datafield><datafield tag="041" ind1=" " ind2=" "><subfield code="a">ger</subfield></datafield><datafield tag="044" ind1=" " ind2=" "><subfield code="c">XA-DE</subfield><subfield code="c">XA-AT</subfield><subfield code="c">XA-CH</subfield></datafield><datafield tag="100" ind1="1" ind2=" "><subfield code="a">Fleer, Sarah</subfield><subfield code="0">(DE-Frei129)00778007</subfield></datafield><datafield tag="245" ind1="1" ind2="0"><subfield code="a">Langenscheidt Premium-Verbtabellen Deutsch</subfield><subfield code="b">[ab A1 ; mit Konjugationstrainer auf CD-ROM]</subfield><subfield code="c">von Sarah Fleer</subfield></datafield><datafield tag="246" ind1="1" ind2="0"><subfield code="a">Premium-Verbtabellen Deutsch</subfield></datafield><datafield tag="246" ind1="1" ind2="0"><subfield code="a">Langenscheidt, Konjugationstrainer Deutsch</subfield></datafield><datafield tag="246" ind1="1" ind2="0"><subfield code="a">Konjugationstrainer Deutsch</subfield></datafield><datafield tag="260" ind1="3" ind2=" "><subfield code="a">Berlin [u.a.]</subfield><subfield code="b">Langenscheidt</subfield><subfield code="c">2010</subfield></datafield><datafield tag="300" ind1=" " ind2=" "><subfield code="a">192 Seiten</subfield><subfield code="c">22 cm</subfield><subfield code="e">1 CD-ROM</subfield></datafield><datafield tag="500" ind1=" " ind2=" "><subfield code="a">CD-ROM-Beil. u.d.T.: Langenscheidt, Konjugationstrainer Deutsch</subfield></datafield><datafield tag="500" ind1=" " ind2=" "><subfield code="a">IMD-Felder maschinell generiert (GBV)</subfield></datafield><datafield tag="500" ind1=" " ind2=" "><subfield code="a">Systemvoraussetzungen der CD-ROM-Beil.: Pentium PC 1 GHz, 512 MB Arbeitsspeicher, 1,2 GB freier Festplattenspeicher, XGA-Grafikkarte 1024 x 768 Bildpunkte, CD-ROM-Laufwerk, Soundkarte, Kopfhörer/Lautsprecher, Windows 2000(SP4)/XP(SP2)/Vista/7, Internet Explorer 6.0 (SP1), Windows Media Player 8.0 oder höher;</subfield></datafield><datafield tag="520" ind1=" " ind2=" "><subfield code="a">Das Buch ist eine inhaltlich unveränderte Ausgabe von &quot;Verbtabellen Deutsch&quot; (BA 9/09) derselben Autorin. Einzige Neuerung ist die beigelegte CD-ROM, die verschiedene Trainingsarten enthält, mit deren Hilfe der Lerner sich Konjugationen einprägen kann, so z.B. Superlearning, Multiple-Choice-Aufgaben usw. Ansonsten enthält es wie die Vorausgabe die 70 wichtigsten Verben in alphabetischer Reihenfolge. Angeordnet auf jeweils einer Doppelseite sind auf der linken Seite die Konjugationstabellen zu finden, auf der rechten Seite Anwendungsbeispiele, Redewendungen, sinnverwandte Verben sowie Besonderheiten und Tipps. Im Anhang eine Liste von Verben mit Präpositionen sowie eine alphabetische Verbliste mit Konjugationsnummern, die es ermöglicht, Verben einander zuzuordnen, die nach demselben Muster konjugiert werden. Bei starker Nutzung der Vorausgabe als Ergänzung derselben oder als Neuanschaffung empfohlen. S. auch E.M. Weermann: &quot;Verbtabellen Plus Deutsch&quot; (BA 6/10) u.a. (2 S)</subfield></datafield><datafield tag="650" ind1=" " ind2="7"><subfield code="a">Deutsch</subfield><subfield code="0">(DE-Frei129)00001208</subfield><subfield code="0">(DE-588)4113292-0</subfield><subfield code="2">gnd</subfield></datafield><datafield tag="650" ind1=" " ind2="7"><subfield code="a">Fremdsprache</subfield><subfield code="0">(DE-Frei129)00008716</subfield><subfield code="0">(DE-588)4018424-9</subfield><subfield code="2">gnd</subfield></datafield><datafield tag="650" ind1=" " ind2="7"><subfield code="a">Konjugation</subfield><subfield code="0">(DE-Frei129)00061190</subfield><subfield code="0">(DE-588)4164985-0</subfield><subfield code="2">gnd</subfield></datafield><datafield tag="689" ind1="0" ind2="0"><subfield code="0">(DE-588)4113292-0</subfield><subfield code="D">s</subfield><subfield code="a">Deutsch </subfield></datafield><datafield tag="689" ind1="0" ind2="1"><subfield code="0">(DE-588)4018424-9</subfield><subfield code="D">s</subfield><subfield code="a">Fremdsprache </subfield></datafield><datafield tag="689" ind1="0" ind2="2"><subfield code="0">(DE-588)4164985-0</subfield><subfield code="D">s</subfield><subfield code="a">Konjugation</subfield><subfield code="5">DE-101</subfield></datafield><datafield tag="852" ind1=" " ind2=" "><subfield code="a">Frei 129</subfield><subfield code="b">PHFR</subfield><subfield code="c">GB 3046 F594 V4</subfield></datafield><datafield tag="856" ind1="4" ind2=" "><subfield code="8">00</subfield><subfield code="u">http://deposit.d-nb.de/cgi-bin/dokserv?id=3400174&amp;prov=M&amp;dok_var=1&amp;dok_ext=htm</subfield><subfield code="y">Inhaltstext</subfield></datafield><datafield tag="856" ind1="4" ind2=" "><subfield code="8">01</subfield><subfield code="u">http://deposit.d-nb.de/cgi-bin/dokserv?id=3400174&amp;prov=M&amp;dok_var=1&amp;dok_ext=htm</subfield><subfield code="y">Verlagsinformation</subfield></datafield><datafield tag="980" ind1="0" ind2=" "><subfield code="a">00423546</subfield><subfield code="9">(PHFR)</subfield><subfield code="b">Handbibliothek (50)</subfield><subfield code="c">Deu P 565: 36</subfield><subfield code="d">Handbibliothek - nie verleihbar (54)</subfield><subfield code="e">Verfügbar (X)</subfield></datafield></record>