
<record><leader>02376nam a2200000uuc4500</leader><controlfield tag="001">42066150</controlfield><controlfield tag="003">DE-Frei129</controlfield><controlfield tag="005">20220811084011.0</controlfield><controlfield tag="007">tu</controlfield><controlfield tag="008">101104s2010    ||||||||||||||||||||ger||</controlfield><datafield tag="020" ind1=" " ind2=" "><subfield code="a">9783194015906</subfield><subfield code="9">978-3-19-401590-6</subfield></datafield><datafield tag="035" ind1=" " ind2=" "><subfield code="a">(DE-576)1403046956</subfield></datafield><datafield tag="041" ind1=" " ind2=" "><subfield code="a">ger</subfield></datafield><datafield tag="245" ind1="1" ind2="0"><subfield code="a">Alltag, Beruf &amp; Co.</subfield><subfield code="n">Kurs- und Arbeitsbuch</subfield><subfield code="p">Kursbuch- und Arbeitsbuch Niveau A2/2 (mit Audio CD) / Norbert Becker ; Jörg Braunert</subfield><subfield code="c">Norbert Becker; Jörg Braunert</subfield></datafield><datafield tag="250" ind1=" " ind2=" "><subfield code="a">1. Aufl.</subfield></datafield><datafield tag="260" ind1="3" ind2=" "><subfield code="a">Ismaning</subfield><subfield code="b">Hüber</subfield><subfield code="c">2010</subfield></datafield><datafield tag="300" ind1=" " ind2=" "><subfield code="a">120  Seiten</subfield><subfield code="b">Ill., graph. Darst.</subfield></datafield><datafield tag="700" ind1="1" ind2=" "><subfield code="0">(DE-Frei129)00904946</subfield><subfield code="a">Becker, Norbert</subfield><subfield code="4">aut</subfield></datafield><datafield tag="700" ind1="1" ind2=" "><subfield code="0">(DE-Frei129)00246005</subfield><subfield code="a">Braunert, Joerg</subfield><subfield code="4">oth</subfield></datafield><datafield tag="773" ind1="0" ind2="8"><subfield code="w">(DE-Frei129)09005403</subfield><subfield code="q">14KURSA2/242010</subfield></datafield><datafield tag="852" ind1=" " ind2=" "><subfield code="a">Frei 129</subfield><subfield code="b">PHFR</subfield><subfield code="c">GB 3044 A442 -2/2</subfield></datafield><datafield tag="980" ind1="0" ind2=" "><subfield code="a">00423480</subfield><subfield code="9">(PHFR)</subfield><subfield code="b">Handbibliothek (50)</subfield><subfield code="c">Deu S 100: 10,4</subfield><subfield code="d">Handbibliothek - nie verleihbar (54)</subfield><subfield code="e">Verfügbar (X)</subfield></datafield></record>