
<record><leader>02323nam a2200000uuc4500</leader><controlfield tag="001">42066138</controlfield><controlfield tag="003">DE-Frei129</controlfield><controlfield tag="005">20220811084011.0</controlfield><controlfield tag="007">tu</controlfield><controlfield tag="008">101011s2010    ||||||||||||||||||||ger||</controlfield><datafield tag="020" ind1=" " ind2=" "><subfield code="a">9783191015909</subfield><subfield code="9">978-3-19-101590-9</subfield></datafield><datafield tag="035" ind1=" " ind2=" "><subfield code="a">(DE-576)1401401996</subfield></datafield><datafield tag="041" ind1=" " ind2=" "><subfield code="a">ger</subfield></datafield><datafield tag="245" ind1="1" ind2="0"><subfield code="a">Alltag, Beruf &amp; Co.</subfield><subfield code="n">Kurs- und Arbeitsbuch</subfield><subfield code="p">Kursbuch- und Arbeitsbuch Niveau A1/1 / Norbert Becker ; Jörg Braunert</subfield><subfield code="c">Norbert Becker; Jörg Braunert</subfield></datafield><datafield tag="250" ind1=" " ind2=" "><subfield code="a">1. Aufl., [Nachdr.]</subfield></datafield><datafield tag="260" ind1="3" ind2=" "><subfield code="a">Ismaning</subfield><subfield code="b">Hüber</subfield><subfield code="c">[20]10</subfield></datafield><datafield tag="300" ind1=" " ind2=" "><subfield code="a">119  Seiten</subfield></datafield><datafield tag="700" ind1="1" ind2=" "><subfield code="0">(DE-Frei129)00904946</subfield><subfield code="a">Becker, Norbert</subfield><subfield code="4">aut</subfield></datafield><datafield tag="700" ind1="1" ind2=" "><subfield code="0">(DE-Frei129)00246005</subfield><subfield code="a">Braunert, Joerg</subfield><subfield code="4">oth</subfield></datafield><datafield tag="773" ind1="0" ind2="8"><subfield code="w">(DE-Frei129)09005403</subfield><subfield code="q">A1/1KURS42010</subfield></datafield><datafield tag="852" ind1=" " ind2=" "><subfield code="a">Frei 129</subfield><subfield code="b">PHFR</subfield><subfield code="c">GB 3044 A442 -1/1</subfield></datafield><datafield tag="980" ind1="0" ind2=" "><subfield code="a">00423451</subfield><subfield code="9">(PHFR)</subfield><subfield code="b">Handbibliothek (50)</subfield><subfield code="c">Deu S 100: 10,1</subfield><subfield code="d">Handbibliothek - nie verleihbar (54)</subfield><subfield code="e">Verfügbar (X)</subfield></datafield></record>