
<record><leader>02799nam a2200000uuc4500</leader><controlfield tag="001">42065989</controlfield><controlfield tag="003">DE-Frei129</controlfield><controlfield tag="005">20220811084011.0</controlfield><controlfield tag="007">tu</controlfield><controlfield tag="008">101110s2010    ||||||||||||||||||||ger||</controlfield><datafield tag="020" ind1=" " ind2=" "><subfield code="a">9783468967429</subfield><subfield code="9">978-3-468-96742-9</subfield></datafield><datafield tag="020" ind1=" " ind2=" "><subfield code="a">9783468475313</subfield><subfield code="9">978-3-468-47531-3</subfield></datafield><datafield tag="035" ind1=" " ind2=" "><subfield code="a">(DE-576)1403291772</subfield></datafield><datafield tag="041" ind1=" " ind2=" "><subfield code="a">ger</subfield></datafield><datafield tag="245" ind1="1" ind2="0"><subfield code="a">Geni l</subfield><subfield code="b">Deutsch als Fremdsprache für Jugendliche</subfield><subfield code="n">B1, Arbeitsbuch</subfield><subfield code="p">Zertifikatsniveau : [nach den Niveaustufen des Europarates] / Susy Keller; Ute Koithan ...</subfield><subfield code="c">von Hermann Funk ...</subfield></datafield><datafield tag="250" ind1=" " ind2=" "><subfield code="a">[Nachdr.]</subfield></datafield><datafield tag="260" ind1="3" ind2=" "><subfield code="a">Berlin [u.a.]</subfield><subfield code="b">Langenscheidt</subfield><subfield code="c">[20]10</subfield></datafield><datafield tag="300" ind1=" " ind2=" "><subfield code="a">111  Seiten</subfield><subfield code="b">Ill.</subfield></datafield><datafield tag="700" ind1="1" ind2=" "><subfield code="0">(DE-Frei129)42007185</subfield><subfield code="a">Keller, Susy</subfield><subfield code="4">oth</subfield></datafield><datafield tag="700" ind1="1" ind2=" "><subfield code="0">(DE-Frei129)01016938</subfield><subfield code="a">Koithan, Ute</subfield><subfield code="4">oth</subfield></datafield><datafield tag="773" ind1="0" ind2="8"><subfield code="w">(DE-Frei129)00966471</subfield><subfield code="q">B1ARB42010</subfield></datafield><datafield tag="776" ind1="0" ind2="8"><subfield code="i">Erscheint auch als</subfield><subfield code="t">CD zum Arbeitsbuch B1</subfield><subfield code="w">(DE-Frei129)01001848</subfield><subfield code="w">(DE-576)1184223718</subfield></datafield><datafield tag="852" ind1=" " ind2=" "><subfield code="a">Frei 129</subfield><subfield code="b">PHFR</subfield><subfield code="c">GB 3044 G324 A -3</subfield></datafield><datafield tag="980" ind1="0" ind2=" "><subfield code="a">00423112</subfield><subfield code="9">(PHFR)</subfield><subfield code="b">Handbibliothek (50)</subfield><subfield code="c">Deu S 130: 49 A,B1</subfield><subfield code="d">Handbibliothek - nie verleihbar (54)</subfield><subfield code="e">Verfügbar (X)</subfield></datafield></record>