
<record><leader>03014nam a2200000uuc4500</leader><controlfield tag="001">42065949</controlfield><controlfield tag="003">DE-Frei129</controlfield><controlfield tag="005">20220811084011.0</controlfield><controlfield tag="007">tu</controlfield><controlfield tag="008">121123s2010    ||||||||||||||||||||ger||</controlfield><datafield tag="015" ind1=" " ind2=" "><subfield code="a">10,A34</subfield></datafield><datafield tag="016" ind1="7" ind2=" "><subfield code="a">996781463</subfield><subfield code="2">DE-101</subfield></datafield><datafield tag="020" ind1=" " ind2=" "><subfield code="a">9783468472725</subfield><subfield code="9">978-3-468-47272-5</subfield><subfield code="c">kart. : EUR 12,45 (DE), EUR 12.30 (AT), sfr 23.30 (freier Pr.)</subfield></datafield><datafield tag="024" ind1="3" ind2=" "><subfield code="a">9783468472725</subfield></datafield><datafield tag="035" ind1=" " ind2=" "><subfield code="a">(DE-576)1445666650</subfield></datafield><datafield tag="041" ind1=" " ind2=" "><subfield code="a">ger</subfield></datafield><datafield tag="245" ind1="1" ind2="0"><subfield code="a">Berliner Platz NEU</subfield><subfield code="b">Deutsch im Alltag</subfield><subfield code="n">2. A2 [Teilbd.]. Teil 2. Lehr- und Arbeitsbuch</subfield><subfield code="p">Berliner Platz 2 Neu : Deutsch im Alltag; Teil 2; Lehr- und Arbeitsbuch / Christiane Lemcke ; Lutz Rohrmann ; Theo Scherling</subfield><subfield code="c">Christiane Lemcke; Theo Scherling; Lutz Rohrmann. Susan Kaufmann: Im Alltag extra. Margarete Rodi: Testtraining</subfield></datafield><datafield tag="260" ind1="3" ind2=" "><subfield code="c">2010</subfield></datafield><datafield tag="300" ind1=" " ind2=" "><subfield code="a">144  Seiten</subfield><subfield code="b">Ill., Kt.</subfield><subfield code="c">28 cm</subfield></datafield><datafield tag="700" ind1="1" ind2=" "><subfield code="0">(DE-Frei129)00138794</subfield><subfield code="a">Lemcke, Christiane</subfield><subfield code="4">aut</subfield></datafield><datafield tag="700" ind1="1" ind2=" "><subfield code="0">(DE-Frei129)00110637</subfield><subfield code="a">Rohrmann, Lutz</subfield><subfield code="4">aut</subfield></datafield><datafield tag="700" ind1="1" ind2=" "><subfield code="0">(DE-Frei129)01015346</subfield><subfield code="a">Scherling, Theo</subfield><subfield code="4">aut</subfield></datafield><datafield tag="773" ind1="0" ind2="8"><subfield code="w">(DE-Frei129)00511061</subfield><subfield code="q">12A2T.2LEHR- U. ARBEITSB.</subfield></datafield><datafield tag="852" ind1=" " ind2=" "><subfield code="a">Frei 129</subfield><subfield code="b">PHFR</subfield><subfield code="c">GB 3044 B482 -2/2</subfield></datafield><datafield tag="980" ind1="0" ind2=" "><subfield code="a">00423002</subfield><subfield code="9">(PHFR)</subfield><subfield code="b">Handbibliothek (50)</subfield><subfield code="c">Deu S 150: 75,2</subfield><subfield code="d">Handbibliothek - nie verleihbar (54)</subfield><subfield code="e">Verfügbar (X)</subfield></datafield></record>