
<record><leader>02013nam a2200000uuc4500</leader><controlfield tag="001">42065611</controlfield><controlfield tag="003">DE-Frei129</controlfield><controlfield tag="005">20220811084011.0</controlfield><controlfield tag="007">tu</controlfield><controlfield tag="008">100421s2010    ||||||||||||||||||||ger||</controlfield><datafield tag="020" ind1=" " ind2=" "><subfield code="a">9783835583092</subfield><subfield code="9">9783835583092</subfield></datafield><datafield tag="035" ind1=" " ind2=" "><subfield code="a">(DE-576)1392071720</subfield></datafield><datafield tag="041" ind1=" " ind2=" "><subfield code="a">ger</subfield></datafield><datafield tag="245" ind1="1" ind2="0"><subfield code="a">Kleine Forscher</subfield><subfield code="n">1/2</subfield><subfield code="p">Mein Lernweg : [Schülerband]</subfield><subfield code="c">hrsg. Friedrich Gervé</subfield></datafield><datafield tag="260" ind1="3" ind2=" "><subfield code="a">Berlin ; Mannheim</subfield><subfield code="b">Duden Schulbuchverl.</subfield><subfield code="c">[2010]</subfield></datafield><datafield tag="300" ind1=" " ind2=" "><subfield code="a">1 Ordner</subfield></datafield><datafield tag="490" ind1="0" ind2=" "><subfield code="a">Duden</subfield></datafield><datafield tag="500" ind1=" " ind2=" "><subfield code="a">Archivierung/Langzeitarchivierung gewährleistet</subfield></datafield><datafield tag="773" ind1="0" ind2="8"><subfield code="w">(DE-Frei129)01718190</subfield><subfield code="q">1/2LESCH</subfield></datafield><datafield tag="852" ind1=" " ind2=" "><subfield code="a">Frei 129</subfield><subfield code="b">PHFR</subfield><subfield code="c">Paed M 150: 166</subfield></datafield><datafield tag="980" ind1="0" ind2=" "><subfield code="a">00421855</subfield><subfield code="9">(PHFR)</subfield><subfield code="b">Handbibliothek (50)</subfield><subfield code="c">Paed M 150: 166</subfield><subfield code="d">Handbibliothek - nie verleihbar (54)</subfield><subfield code="e">Verfügbar (X)</subfield></datafield></record>