
<record><leader>04404nam a2200000uu 4500</leader><controlfield tag="001">42065363</controlfield><controlfield tag="003">DE-Frei129</controlfield><controlfield tag="005">20220811084011.0</controlfield><controlfield tag="007">tu</controlfield><controlfield tag="008">170621s2010    |||||||||m||||||||||ger||</controlfield><datafield tag="035" ind1=" " ind2=" "><subfield code="a">(DE-576)1560041668</subfield></datafield><datafield tag="040" ind1=" " ind2=" "><subfield code="e">rda</subfield></datafield><datafield tag="041" ind1=" " ind2=" "><subfield code="a">ger</subfield></datafield><datafield tag="044" ind1=" " ind2=" "><subfield code="c">XA-DE</subfield></datafield><datafield tag="100" ind1="1" ind2=" "><subfield code="a">Tarelli, Irmela</subfield><subfield code="0">(DE-Frei129)42006978</subfield><subfield code="0">(DE-588)1044690852</subfield><subfield code="4">aut</subfield></datafield><datafield tag="245" ind1="1" ind2="0"><subfield code="a">Zur Bedeutung und Erfassung der Intensität von häuslicher Lesesozialisation für die Entstehung sozialer Disparitäten im Lesekompetenzerwerb im Grundschulalter</subfield><subfield code="c">vorgelegt von Irmela Katrin Tarelli</subfield></datafield><datafield tag="264" ind1=" " ind2="4"><subfield code="a">Dortmund</subfield><subfield code="b">Technische Universität Dortmund</subfield><subfield code="c">2010</subfield></datafield><datafield tag="300" ind1=" " ind2=" "><subfield code="a">224 Blätter</subfield><subfield code="b">Diagramme</subfield></datafield><datafield tag="336" ind1=" " ind2=" "><subfield code="a">text</subfield><subfield code="b">txt</subfield><subfield code="2">rdacontent</subfield></datafield><datafield tag="337" ind1=" " ind2=" "><subfield code="a">unmediated</subfield><subfield code="b">n</subfield><subfield code="2">rdamedia</subfield></datafield><datafield tag="338" ind1=" " ind2=" "><subfield code="a">volume</subfield><subfield code="b">nc</subfield><subfield code="2">rdacarrier</subfield></datafield><datafield tag="650" ind1=" " ind2="7"><subfield code="a">Schulleistungsmessung</subfield><subfield code="0">(DE-Frei129)00031154</subfield><subfield code="0">(DE-588)4077202-0</subfield><subfield code="2">gnd</subfield></datafield><datafield tag="650" ind1=" " ind2="7"><subfield code="a">Lesefähigkeit</subfield><subfield code="0">(DE-Frei129)00062277</subfield><subfield code="0">(DE-588)4167435-2</subfield><subfield code="2">gnd</subfield></datafield><datafield tag="650" ind1=" " ind2="7"><subfield code="a">Grundschule</subfield><subfield code="0">(DE-Frei129)00010240</subfield><subfield code="0">(DE-588)4022349-8</subfield><subfield code="2">gnd</subfield></datafield><datafield tag="650" ind1=" " ind2="7"><subfield code="a">Probabilistische Testtheorie</subfield><subfield code="0">(DE-Frei129)00190263</subfield><subfield code="0">(DE-588)4496586-2</subfield><subfield code="2">gnd</subfield></datafield><datafield tag="689" ind1="0" ind2="0"><subfield code="0">(DE-588)4077202-0</subfield><subfield code="D">s</subfield><subfield code="a">Schulleistungsmessung </subfield></datafield><datafield tag="689" ind1="0" ind2="1"><subfield code="0">(DE-588)4167435-2</subfield><subfield code="D">s</subfield><subfield code="a">Lesefähigkeit </subfield></datafield><datafield tag="689" ind1="0" ind2="2"><subfield code="0">(DE-588)4022349-8</subfield><subfield code="D">s</subfield><subfield code="a">Grundschule </subfield></datafield><datafield tag="689" ind1="0" ind2="3"><subfield code="0">(DE-588)4496586-2</subfield><subfield code="D">s</subfield><subfield code="a">Probabilistische Testtheorie</subfield><subfield code="5">DE-101</subfield></datafield><datafield tag="710" ind1="2" ind2=" "><subfield code="0">(DE-Frei129)00006027</subfield><subfield code="0">(DE-588)16039348-6</subfield><subfield code="a">Technische Universität Dortmund</subfield><subfield code="4">dgg</subfield></datafield><datafield tag="852" ind1=" " ind2=" "><subfield code="a">Frei 129</subfield><subfield code="b">PHFR</subfield><subfield code="c">Diss 2806</subfield></datafield><datafield tag="980" ind1="0" ind2=" "><subfield code="a">00421084</subfield><subfield code="9">(PHFR)</subfield><subfield code="b">Magazin (20)</subfield><subfield code="c">Diss 2806</subfield><subfield code="d">Standardleihe, bestellbar (Magazin) (03)</subfield><subfield code="e">Verfügbar (X)</subfield></datafield></record>