
<record><leader>04889nam a2200000uu 4500</leader><controlfield tag="001">42064933</controlfield><controlfield tag="003">DE-Frei129</controlfield><controlfield tag="005">20220811084011.0</controlfield><controlfield tag="007">tu</controlfield><controlfield tag="008">150116s2010    ||||||||||||||||||||ger||</controlfield><datafield tag="020" ind1=" " ind2=" "><subfield code="a">9783930376568</subfield><subfield code="9">978-3-930376-56-8</subfield></datafield><datafield tag="035" ind1=" " ind2=" "><subfield code="a">(DE-576)1612915353</subfield></datafield><datafield tag="041" ind1=" " ind2=" "><subfield code="a">ger</subfield></datafield><datafield tag="245" ind1="1" ind2="0"><subfield code="a">Orientierungsrahmen für den Lernbereich Globale Entwicklung im Rahmen einer Bildung füp nachhaltige Entwicklung</subfield><subfield code="b">Stand: Juni 2007</subfield><subfield code="c">Hrsg.: Bundesministerium für Wirtschaftliche Zusammenarbeit und Entwicklung ; Ständige Konferenz der Kultusminister der Länder in der Bundesrepublik Deutschland. Zsgest. und bearb. von Dieter Appelt ...</subfield></datafield><datafield tag="250" ind1=" " ind2=" "><subfield code="a">4., überarb. Aufl.</subfield></datafield><datafield tag="260" ind1="3" ind2=" "><subfield code="a">Bonn</subfield><subfield code="c">2010</subfield></datafield><datafield tag="300" ind1=" " ind2=" "><subfield code="a">233  Seiten</subfield><subfield code="b">graph. Darst.</subfield></datafield><datafield tag="500" ind1=" " ind2=" "><subfield code="a">IMD-Felder und 1131 maschinell ergänzt</subfield></datafield><datafield tag="650" ind1=" " ind2="7"><subfield code="a">Schule</subfield><subfield code="0">(DE-Frei129)00003193</subfield><subfield code="0">(DE-588)4053474-1</subfield><subfield code="2">gnd</subfield></datafield><datafield tag="650" ind1=" " ind2="7"><subfield code="a">Bildung</subfield><subfield code="0">(DE-Frei129)00001089</subfield><subfield code="0">(DE-588)4006650-2</subfield><subfield code="2">gnd</subfield></datafield><datafield tag="650" ind1=" " ind2="7"><subfield code="a">Umwelterziehung</subfield><subfield code="0">(DE-Frei129)00024663</subfield><subfield code="0">(DE-588)4061627-7</subfield><subfield code="2">gnd</subfield></datafield><datafield tag="650" ind1=" " ind2="7"><subfield code="a">Globalisierung</subfield><subfield code="0">(DE-Frei129)00060075</subfield><subfield code="0">(DE-588)4557997-0</subfield><subfield code="2">gnd</subfield></datafield><datafield tag="651" ind1=" " ind2="7"><subfield code="a">Deutschland</subfield><subfield code="0">(DE-Frei129)00005806</subfield><subfield code="0">(DE-588)4011882-4</subfield><subfield code="2">gnd</subfield></datafield><datafield tag="689" ind1="0" ind2="0"><subfield code="0">(DE-588)4011882-4</subfield><subfield code="D">g</subfield><subfield code="a">Deutschland </subfield></datafield><datafield tag="689" ind1="0" ind2="1"><subfield code="0">(DE-588)4053474-1</subfield><subfield code="D">s</subfield><subfield code="a">Schule </subfield></datafield><datafield tag="689" ind1="0" ind2="2"><subfield code="0">(DE-588)4006650-2</subfield><subfield code="D">s</subfield><subfield code="a">Bildung </subfield></datafield><datafield tag="689" ind1="0" ind2="3"><subfield code="0">(DE-588)4061627-7</subfield><subfield code="D">s</subfield><subfield code="a">Umwelterziehung </subfield></datafield><datafield tag="689" ind1="0" ind2="4"><subfield code="0">(DE-588)4557997-0</subfield><subfield code="D">s</subfield><subfield code="a">Globalisierung</subfield><subfield code="5">DE-101</subfield></datafield><datafield tag="700" ind1="1" ind2=" "><subfield code="0">(DE-Frei129)00001308</subfield><subfield code="a">Appelt, Dieter</subfield><subfield code="4">oth</subfield></datafield><datafield tag="710" ind1="2" ind2=" "><subfield code="0">(DE-Frei129)00011520</subfield><subfield code="0">(DE-588)2129514-1</subfield><subfield code="a">Deutschland</subfield><subfield code="b">Bundesministerium für Wirtschaftliche Zusammenarbeit und Entwicklung</subfield><subfield code="4">oth</subfield></datafield><datafield tag="710" ind1="2" ind2=" "><subfield code="0">(DE-Frei129)00003817</subfield><subfield code="0">(DE-588)2000588-X</subfield><subfield code="a">Ständige Konferenz der Kultusminister der Länder in der Bundesrepublik Deutschland</subfield><subfield code="4">oth</subfield></datafield><datafield tag="852" ind1=" " ind2=" "><subfield code="a">Frei 129</subfield><subfield code="b">PHFR</subfield><subfield code="c">Paed B 250: 183</subfield></datafield><datafield tag="980" ind1="0" ind2=" "><subfield code="a">00419824</subfield><subfield code="9">(PHFR)</subfield><subfield code="b">Handbibliothek (50)</subfield><subfield code="c">Paed B 250: 183</subfield><subfield code="d">Handbibliothek - nie verleihbar (54)</subfield><subfield code="e">Verfügbar (X)</subfield></datafield></record>