
<record><leader>10378nam a2200000uu 4500</leader><controlfield tag="001">42064629</controlfield><controlfield tag="003">DE-Frei129</controlfield><controlfield tag="005">20220811084011.0</controlfield><controlfield tag="007">tu</controlfield><controlfield tag="008">170508s2010    ||||||||||||||||||||eng||</controlfield><datafield tag="020" ind1=" " ind2=" "><subfield code="a">9780763755447</subfield><subfield code="9">9780763755447</subfield><subfield code="c">pbk. : alk. paper</subfield></datafield><datafield tag="020" ind1=" " ind2=" "><subfield code="a">0763755443</subfield><subfield code="9">0763755443</subfield><subfield code="c">pbk. : alk. paper</subfield></datafield><datafield tag="035" ind1=" " ind2=" "><subfield code="a">(DE-576)589703218</subfield></datafield><datafield tag="040" ind1=" " ind2=" "><subfield code="e">rda</subfield></datafield><datafield tag="041" ind1=" " ind2=" "><subfield code="a">eng</subfield></datafield><datafield tag="044" ind1=" " ind2=" "><subfield code="c">XD-US</subfield></datafield><datafield tag="100" ind1="1" ind2=" "><subfield code="a">Dreeben, Olga</subfield><subfield code="0">(DE-Frei129)42006757</subfield></datafield><datafield tag="245" ind1="1" ind2="0"><subfield code="a">Patient education in rehabilitation</subfield><subfield code="c">Olga Dreeben</subfield></datafield><datafield tag="264" ind1=" " ind2="4"><subfield code="a">Sudbury, Mass</subfield><subfield code="b">Jones and Bartlett Publishers</subfield><subfield code="c">[2010]</subfield></datafield><datafield tag="264" ind1=" " ind2="4"><subfield code="c">© 2010</subfield></datafield><datafield tag="300" ind1=" " ind2=" "><subfield code="a">xxii, 474 p.</subfield><subfield code="c">23 cm</subfield></datafield><datafield tag="336" ind1=" " ind2=" "><subfield code="a">text</subfield><subfield code="b">txt</subfield><subfield code="2">rdacontent</subfield></datafield><datafield tag="337" ind1=" " ind2=" "><subfield code="a">unmediated</subfield><subfield code="b">n</subfield><subfield code="2">rdamedia</subfield></datafield><datafield tag="338" ind1=" " ind2=" "><subfield code="a">volume</subfield><subfield code="b">nc</subfield><subfield code="2">rdacarrier</subfield></datafield><datafield tag="500" ind1=" " ind2=" "><subfield code="a">Includes bibliographical references and index</subfield></datafield><datafield tag="500" ind1=" " ind2=" "><subfield code="a">IMD-Felder maschinell generiert (GBV)</subfield></datafield><datafield tag="501" ind1=" " ind2=" "><subfield code="a">Significance of patient education for health care and rehabilitation -- Historical outlook of patient education in American health care -- Historical outlook of patient education in physical and occupational rehabilitation -- Patient education in the context of physical and occupational rehabilitation -- Predictors of effectual patient education -- Patient education and adherence variables -- Patient education and communication variables -- Patient education and behavioral modification variables -- Main teaching and learning theories and patient education -- Additional teaching and learning theories and patient education -- Adult learning and patient education -- Cognitive/psychosocial stages of development and patient education -- The role and significance of ethical systems for health care -- Morality and values in patient education -- Ethical and legal aspects of patient education -- Cultural factors in patient education -- Teaching and learning strategies for motor performances -- Patient education for older adults related to exercises/activities and Internet utilization -- Teaching and learning considerations for wellness, health promotion, and disease prevention.</subfield></datafield><datafield tag="520" ind1=" " ind2=" "><subfield code="a">Significance of patient education for health care and rehabilitation -- Historical outlook of patient education in American health care -- Historical outlook of patient education in physical/occupational rehabilitation -- Patient education in context of physical/occupational rehabilitation -- Predictors of effectual patient education -- Patient education and adherence variables -- Patient education and communication variables -- Patient education and behavioral modification variables -- Main instructional design theories and their application to patient education -- Additional teaching and learning theories and their significance to patient education -- Adult learning and patient education -- Cognitive/psychosocial stages of development and patient education -- Role and significance of ethical systems for health care -- Morality and values in patient education -- Ethical and legal aspects of patient education -- Cultural factors in patient education -- Teaching and learning strategies for motor performances -- Patient education for older adults related to exercises/activities and Internet utilization -- Teaching and learning considerations for wellness, health promotion, and prevention</subfield></datafield><datafield tag="650" ind1=" " ind2="7"><subfield code="a">Medical rehabilitation</subfield><subfield code="0">(DE-Frei129)00493608</subfield><subfield code="2">local</subfield></datafield><datafield tag="650" ind1=" " ind2="7"><subfield code="a">Patient education</subfield><subfield code="0">(DE-Frei129)00248601</subfield><subfield code="2">local</subfield></datafield><datafield tag="650" ind1=" " ind2="7"><subfield code="a">Patient Education as Topic</subfield><subfield code="0">(DE-Frei129)02414461</subfield><subfield code="2">local</subfield></datafield><datafield tag="650" ind1=" " ind2="7"><subfield code="a">methods</subfield><subfield code="0">(DE-Frei129)01986094</subfield><subfield code="2">local</subfield></datafield><datafield tag="650" ind1=" " ind2="7"><subfield code="a">Occupational Therapy</subfield><subfield code="0">(DE-Frei129)00243173</subfield><subfield code="2">local</subfield></datafield><datafield tag="650" ind1=" " ind2="7"><subfield code="a">Physical Therapy Modalities</subfield><subfield code="0">(DE-Frei129)02433016</subfield><subfield code="2">local</subfield></datafield><datafield tag="650" ind1=" " ind2="7"><subfield code="a">Patient Education as Topic</subfield><subfield code="x">methods</subfield><subfield code="0">(DE-Frei129)14383779</subfield><subfield code="2">local</subfield></datafield><datafield tag="650" ind1=" " ind2="7"><subfield code="a">Communication</subfield><subfield code="0">(DE-Frei129)00237887</subfield><subfield code="2">local</subfield></datafield><datafield tag="650" ind1=" " ind2="7"><subfield code="a">Health Promotion</subfield><subfield code="0">(DE-Frei129)01805414</subfield><subfield code="2">local</subfield></datafield><datafield tag="650" ind1=" " ind2="7"><subfield code="a">Occupational Therapy</subfield><subfield code="x">methods</subfield><subfield code="0">(DE-Frei129)01870575</subfield><subfield code="2">local</subfield></datafield><datafield tag="650" ind1=" " ind2="7"><subfield code="a">Anschlussheilbehandlung</subfield><subfield code="0">(DE-Frei129)00052236</subfield><subfield code="0">(DE-588)4468995-0</subfield><subfield code="2">gnd</subfield></datafield><datafield tag="650" ind1=" " ind2="7"><subfield code="a">Patientenschulung</subfield><subfield code="0">(DE-Frei129)00077216</subfield><subfield code="0">(DE-588)4221871-8</subfield><subfield code="2">gnd</subfield></datafield><datafield tag="689" ind1="0" ind2="0"><subfield code="A">s</subfield><subfield code="a">Medical rehabilitation</subfield><subfield code="5">DE-101</subfield></datafield><datafield tag="689" ind1="1" ind2="0"><subfield code="A">s</subfield><subfield code="a">Patient education</subfield><subfield code="5">DE-101</subfield></datafield><datafield tag="689" ind1="2" ind2="0"><subfield code="A">s</subfield><subfield code="a">Patient Education as Topic </subfield></datafield><datafield tag="689" ind1="2" ind2="1"><subfield code="A">s</subfield><subfield code="a">methods</subfield><subfield code="5">DE-101</subfield></datafield><datafield tag="689" ind1="3" ind2="0"><subfield code="A">s</subfield><subfield code="a">Occupational Therapy </subfield></datafield><datafield tag="689" ind1="3" ind2="1"><subfield code="A">s</subfield><subfield code="a">methods</subfield><subfield code="5">DE-101</subfield></datafield><datafield tag="689" ind1="4" ind2="0"><subfield code="A">s</subfield><subfield code="a">Physical Therapy Modalities</subfield><subfield code="5">DE-101</subfield></datafield><datafield tag="689" ind1="5" ind2="0"><subfield code="A">s</subfield><subfield code="a">Patient Education as Topic / methods</subfield><subfield code="5">DE-101</subfield></datafield><datafield tag="689" ind1="6" ind2="0"><subfield code="A">s</subfield><subfield code="a">Communication</subfield><subfield code="5">DE-101</subfield></datafield><datafield tag="689" ind1="7" ind2="0"><subfield code="A">s</subfield><subfield code="a">Health Promotion</subfield><subfield code="5">DE-101</subfield></datafield><datafield tag="689" ind1="8" ind2="0"><subfield code="A">s</subfield><subfield code="a">Occupational Therapy / methods</subfield><subfield code="5">DE-101</subfield></datafield><datafield tag="689" ind1="9" ind2="0"><subfield code="0">(DE-588)4468995-0</subfield><subfield code="D">s</subfield><subfield code="a">Anschlussheilbehandlung </subfield></datafield><datafield tag="689" ind1="9" ind2="1"><subfield code="0">(DE-588)4221871-8</subfield><subfield code="D">s</subfield><subfield code="a">Patientenschulung</subfield><subfield code="5">DE-101</subfield></datafield><datafield tag="852" ind1=" " ind2=" "><subfield code="a">Frei 129</subfield><subfield code="b">PHFR</subfield><subfield code="c">Bio F 850: 17</subfield></datafield><datafield tag="980" ind1="0" ind2=" "><subfield code="a">00418815</subfield><subfield code="9">(PHFR)</subfield><subfield code="b">Handbibliothek (50)</subfield><subfield code="c">Bio F 850: 17</subfield><subfield code="d">Handbibliothek - nie verleihbar (54)</subfield><subfield code="e">Verfügbar (X)</subfield></datafield><datafield tag="980" ind1="0" ind2=" "><subfield code="a">00418818</subfield><subfield code="9">(PHFR)</subfield><subfield code="b">UG (33)</subfield><subfield code="c">Bio F 850: 17</subfield><subfield code="d">Standardleihe (01)</subfield><subfield code="e">Verfügbar (X)</subfield></datafield></record>