
<record><leader>03211nam a2200000uuc4500</leader><controlfield tag="001">42064598</controlfield><controlfield tag="003">DE-Frei129</controlfield><controlfield tag="005">20220811084011.0</controlfield><controlfield tag="007">tu</controlfield><controlfield tag="008">110428s2010    ||||||||||||||||||||ger||</controlfield><datafield tag="020" ind1=" " ind2=" "><subfield code="a">9783850614139</subfield><subfield code="9">9783850614139</subfield></datafield><datafield tag="020" ind1=" " ind2=" "><subfield code="a">9783862270453</subfield><subfield code="9">9783862270453</subfield></datafield><datafield tag="035" ind1=" " ind2=" "><subfield code="a">(DE-576)1411326938</subfield></datafield><datafield tag="041" ind1=" " ind2=" "><subfield code="a">ger</subfield></datafield><datafield tag="100" ind1="1" ind2=" "><subfield code="a">Moritz, Ulrich</subfield><subfield code="0">(DE-Frei129)00297219</subfield><subfield code="0">(DE-588)119413639</subfield></datafield><datafield tag="245" ind1="1" ind2="0"><subfield code="a">Trommeln ist Klasse!</subfield><subfield code="b">Musik mit Körper und Stimme, Trommeln, Fässern, Rohren und Flaschen; Rhythmische Spiele, Übungen, Lieder und Arrangements mit methodischen Anregungen</subfield><subfield code="n">1,Buch</subfield><subfield code="p">Für Einsteiger / Ulrich Moritz ; Klaus Staffa</subfield><subfield code="c">Ulrich Moritz; Klaus Staffa</subfield></datafield><datafield tag="250" ind1=" " ind2=" "><subfield code="a">1. Aufl. A1</subfield></datafield><datafield tag="260" ind1="3" ind2=" "><subfield code="a">Rum/Innsbruck ; Esslingen</subfield><subfield code="b">Helbling</subfield><subfield code="c">2010</subfield></datafield><datafield tag="300" ind1=" " ind2=" "><subfield code="a">116 Seiten</subfield><subfield code="b">Ill., graph. Darst., Notenbeisp.</subfield></datafield><datafield tag="490" ind1="1" ind2=" "><subfield code="a">Trommeln ist Klasse! : Musik mit Körper und Stimme, Trommeln, Fässern, Rohren und Flaschen; Rhythmische Spiele, Übungen, Lieder und Arrangements mit methodischen Anregungen. - 1,DVD. Gesamtarrangements und Übungssequenzen</subfield></datafield><datafield tag="500" ind1=" " ind2=" "><subfield code="a">Hier auch später erschienene, unveränderte Nachdrucke</subfield></datafield><datafield tag="500" ind1=" " ind2=" "><subfield code="a">Archivierung/Langzeitarchivierung gewährleistet</subfield></datafield><datafield tag="700" ind1="1" ind2=" "><subfield code="0">(DE-Frei129)00298173</subfield><subfield code="a">Staffa, Klaus</subfield><subfield code="4">aut</subfield></datafield><datafield tag="773" ind1="0" ind2="8"><subfield code="w">(DE-Frei129)00795269</subfield><subfield code="q">BUCH11A1</subfield></datafield><datafield tag="852" ind1=" " ind2=" "><subfield code="a">Frei 129</subfield><subfield code="b">PHFR</subfield><subfield code="c">LR 56985 M862 -1</subfield></datafield><datafield tag="980" ind1="0" ind2=" "><subfield code="a">00418644</subfield><subfield code="9">(PHFR)</subfield><subfield code="b">3.OG (37)</subfield><subfield code="c">LR 56985 M862 -1</subfield><subfield code="d">Standardleihe (01)</subfield><subfield code="e">Verfügbar (X)</subfield></datafield></record>