
<record><leader>04951nam a2200000uu 4500</leader><controlfield tag="001">42064408</controlfield><controlfield tag="003">DE-Frei129</controlfield><controlfield tag="005">20220811084011.0</controlfield><controlfield tag="007">tu</controlfield><controlfield tag="008">091209s2010    ||||||||||||||||||||ger||</controlfield><datafield tag="015" ind1=" " ind2=" "><subfield code="a">10,A13</subfield></datafield><datafield tag="016" ind1="7" ind2=" "><subfield code="a">998507016</subfield><subfield code="2">DE-101</subfield></datafield><datafield tag="020" ind1=" " ind2=" "><subfield code="a">9783855353729</subfield><subfield code="9">9783855353729</subfield><subfield code="c">: EUR 19.90</subfield></datafield><datafield tag="024" ind1="3" ind2=" "><subfield code="a">9783855353729</subfield></datafield><datafield tag="035" ind1=" " ind2=" "><subfield code="a">(DE-576)614676401</subfield></datafield><datafield tag="041" ind1=" " ind2=" "><subfield code="a">ger</subfield></datafield><datafield tag="044" ind1=" " ind2=" "><subfield code="c">XA-CH</subfield></datafield><datafield tag="245" ind1="1" ind2="0"><subfield code="a">Fabian</subfield><subfield code="b">die Geschichte eines Moralisten</subfield><subfield code="c">Erich Kästner</subfield></datafield><datafield tag="250" ind1=" " ind2=" "><subfield code="a">Neuausg., 1. Aufl.</subfield></datafield><datafield tag="260" ind1="3" ind2=" "><subfield code="a">Zürich</subfield><subfield code="b">Atrium Verl.</subfield><subfield code="c">2010</subfield></datafield><datafield tag="300" ind1=" " ind2=" "><subfield code="a">269  Seiten</subfield><subfield code="c">21 cm</subfield></datafield><datafield tag="500" ind1=" " ind2=" "><subfield code="a">Hier auch später erschienene, unveränderte Nachdrucke!!!</subfield></datafield><datafield tag="500" ind1=" " ind2=" "><subfield code="a">IMD-Felder maschinell generiert (GBV)</subfield></datafield><datafield tag="648" ind1=" " ind2="7"><subfield code="a">Geschichte 1931</subfield><subfield code="0">(DE-Frei129)00085929</subfield><subfield code="2">local</subfield></datafield><datafield tag="650" ind1=" " ind2="7"><subfield code="a">Bürgertum</subfield><subfield code="0">(DE-Frei129)00027875</subfield><subfield code="0">(DE-588)4069722-8</subfield><subfield code="2">gnd</subfield></datafield><datafield tag="650" ind1=" " ind2="7"><subfield code="a">Weimarer Republik</subfield><subfield code="0">(DE-Frei129)00026039</subfield><subfield code="0">(DE-588)4065109-5</subfield><subfield code="2">gnd</subfield></datafield><datafield tag="689" ind1="0" ind2="0"><subfield code="0">(DE-588)4069722-8</subfield><subfield code="D">s</subfield><subfield code="a">Bürgertum </subfield></datafield><datafield tag="689" ind1="0" ind2="1"><subfield code="A">s</subfield><subfield code="a">Geschichte 1931</subfield><subfield code="5">DE-101</subfield></datafield><datafield tag="689" ind1="1" ind2="0"><subfield code="0">(DE-588)4065109-5</subfield><subfield code="D">s</subfield><subfield code="a">Weimarer Republik </subfield></datafield><datafield tag="689" ind1="1" ind2="1"><subfield code="0">(DE-588)4069722-8</subfield><subfield code="D">s</subfield><subfield code="a">Bürgertum</subfield><subfield code="5">DE-101</subfield></datafield><datafield tag="700" ind1="1" ind2=" "><subfield code="0">(DE-588)118559206</subfield><subfield code="0">(DE-Frei129)00027194</subfield><subfield code="a">Kästner, Erich</subfield><subfield code="4">aut</subfield></datafield><datafield tag="852" ind1=" " ind2=" "><subfield code="a">Frei 129</subfield><subfield code="b">PHFR</subfield><subfield code="c">GM 3996 F118</subfield></datafield><datafield tag="980" ind1="0" ind2=" "><subfield code="a">00419203</subfield><subfield code="9">(PHFR)</subfield><subfield code="b">2.OG (35)</subfield><subfield code="c">GM 3996 F118</subfield><subfield code="d">Standardleihe (01)</subfield><subfield code="e">Verfügbar (X)</subfield><subfield code="x">2. Aufl. 2017</subfield></datafield><datafield tag="980" ind1="0" ind2=" "><subfield code="a">00446448</subfield><subfield code="9">(PHFR)</subfield><subfield code="b">2.OG (35)</subfield><subfield code="c">GM 3996 F118 +1</subfield><subfield code="d">Präsenzbestand II (51)</subfield><subfield code="e">Verfügbar (X)</subfield><subfield code="x">2. Auflage 2017</subfield></datafield><datafield tag="980" ind1="0" ind2=" "><subfield code="a">00447092</subfield><subfield code="9">(PHFR)</subfield><subfield code="b">2.OG (35)</subfield><subfield code="c">GM 3996 F118 +3</subfield><subfield code="d">Standardleihe (01)</subfield><subfield code="e">Verfügbar (X)</subfield></datafield><datafield tag="980" ind1="0" ind2=" "><subfield code="a">00447093</subfield><subfield code="9">(PHFR)</subfield><subfield code="b">2.OG (35)</subfield><subfield code="c">GM 3996 F118 +2</subfield><subfield code="d">Standardleihe (01)</subfield><subfield code="e">Verfügbar (X)</subfield></datafield></record>