
<record><leader>02573nam a2200000uu 4500</leader><controlfield tag="001">42063706</controlfield><controlfield tag="003">DE-Frei129</controlfield><controlfield tag="005">20220811084011.0</controlfield><controlfield tag="007">tu</controlfield><controlfield tag="008">120920s2010    ||||||||||||||||||||ger||</controlfield><datafield tag="015" ind1=" " ind2=" "><subfield code="a">09,N51,0983</subfield></datafield><datafield tag="016" ind1="7" ind2=" "><subfield code="a">998501085</subfield><subfield code="2">DE-101</subfield></datafield><datafield tag="020" ind1=" " ind2=" "><subfield code="a">9783193695949</subfield><subfield code="9">978-3-19-369594-9</subfield><subfield code="c">KUNST. : EUR 16.95, EUR 17.50 (AT), sfr 29.80 (freier Pr.)</subfield></datafield><datafield tag="024" ind1="3" ind2=" "><subfield code="a">9783193695949</subfield></datafield><datafield tag="035" ind1=" " ind2=" "><subfield code="a">(DE-576)1618847015</subfield></datafield><datafield tag="041" ind1=" " ind2=" "><subfield code="a">ger</subfield></datafield><datafield tag="044" ind1=" " ind2=" "><subfield code="c">XA-DE-BY</subfield></datafield><datafield tag="245" ind1="1" ind2="4"><subfield code="a">Das Allerwichtigste</subfield><subfield code="c">Kinderbuch Deutsch-Russisch mit Audio-CD</subfield></datafield><datafield tag="246" ind1="1" ind2="0"><subfield code="a">Samoe važnoe</subfield></datafield><datafield tag="250" ind1=" " ind2=" "><subfield code="a">1. Aufl.</subfield></datafield><datafield tag="260" ind1="3" ind2=" "><subfield code="a">München</subfield><subfield code="b">Edition bi:libri</subfield><subfield code="c">2010 2010</subfield></datafield><datafield tag="300" ind1=" " ind2=" "><subfield code="a">ca. 28  Seiten</subfield><subfield code="b">Illustr.</subfield><subfield code="e">1 CD.</subfield></datafield><datafield tag="700" ind1="1" ind2=" "><subfield code="0">(DE-588)1025920619</subfield><subfield code="0">(DE-Frei129)42006501</subfield><subfield code="a">Abbatiello, Antonella</subfield><subfield code="4">aut</subfield></datafield><datafield tag="852" ind1=" " ind2=" "><subfield code="a">Frei 129</subfield><subfield code="b">PHFR</subfield><subfield code="c">ED 5540 A123 R6</subfield></datafield><datafield tag="980" ind1="0" ind2=" "><subfield code="a">00416137</subfield><subfield code="9">(PHFR)</subfield><subfield code="b">2.OG (35)</subfield><subfield code="c">ED 5540 A123 R6</subfield><subfield code="d">Standardleihe (01)</subfield><subfield code="e">Verfügbar (X)</subfield><subfield code="x">2012</subfield></datafield></record>