
<record><leader>03487nam a2200000uu 4500</leader><controlfield tag="001">42063670</controlfield><controlfield tag="003">DE-Frei129</controlfield><controlfield tag="005">20220811084011.0</controlfield><controlfield tag="007">tu</controlfield><controlfield tag="008">170322s2010    ||||||||||||||||||||ger||</controlfield><datafield tag="015" ind1=" " ind2=" "><subfield code="a">11,A07</subfield></datafield><datafield tag="016" ind1="7" ind2=" "><subfield code="a">1008969672</subfield><subfield code="2">DE-101</subfield></datafield><datafield tag="020" ind1=" " ind2=" "><subfield code="a">9783834420374</subfield><subfield code="9">9783834420374</subfield><subfield code="c">in Mappe : EUR 27.90 (DE), sfr 47.30 (freier Pr.)</subfield></datafield><datafield tag="024" ind1="3" ind2=" "><subfield code="a">9783834420374</subfield></datafield><datafield tag="035" ind1=" " ind2=" "><subfield code="a">(DE-576)1624340016</subfield></datafield><datafield tag="040" ind1=" " ind2=" "><subfield code="e">rda</subfield></datafield><datafield tag="041" ind1=" " ind2=" "><subfield code="a">ger</subfield></datafield><datafield tag="044" ind1=" " ind2=" "><subfield code="c">XA-DE-NI</subfield></datafield><datafield tag="100" ind1="1" ind2=" "><subfield code="a">Eggert, Jens</subfield><subfield code="0">(DE-Frei129)01014294</subfield><subfield code="0">(DE-588)1051486149</subfield><subfield code="4">aut</subfield></datafield><datafield tag="245" ind1="1" ind2="0"><subfield code="a">Basiswissen Erdkunde</subfield><subfield code="b">Welt : Fakten vermitteln und spielerisch festigen : 5.-9. Klasse</subfield><subfield code="c">Jens Eggert</subfield></datafield><datafield tag="250" ind1=" " ind2=" "><subfield code="a">1. Auflage</subfield></datafield><datafield tag="264" ind1=" " ind2="4"><subfield code="a">Buxtehude</subfield><subfield code="b">Persen</subfield><subfield code="c">2010</subfield></datafield><datafield tag="300" ind1=" " ind2=" "><subfield code="a">68 Seiten</subfield><subfield code="b">Illustrationen, Karten</subfield><subfield code="c">30 cm, 450 gr.</subfield><subfield code="e">1 CD-ROM</subfield></datafield><datafield tag="336" ind1=" " ind2=" "><subfield code="a">text</subfield><subfield code="b">txt</subfield><subfield code="2">rdacontent</subfield></datafield><datafield tag="337" ind1=" " ind2=" "><subfield code="a">unmediated</subfield><subfield code="b">n</subfield><subfield code="2">rdamedia</subfield></datafield><datafield tag="338" ind1=" " ind2=" "><subfield code="a">volume</subfield><subfield code="b">nc</subfield><subfield code="2">rdacarrier</subfield></datafield><datafield tag="490" ind1="0" ind2=" "><subfield code="a">Bergedorfer Kopiervorlagen</subfield></datafield><datafield tag="490" ind1="0" ind2=" "><subfield code="a">Sonderpädagogische Förderung</subfield></datafield><datafield tag="500" ind1=" " ind2=" "><subfield code="a">Hier auch später erschienene, unveränderte Nachdrucke</subfield></datafield><datafield tag="852" ind1=" " ind2=" "><subfield code="a">Frei 129</subfield><subfield code="b">PHFR</subfield><subfield code="c">RB 10871 E29</subfield></datafield><datafield tag="980" ind1="0" ind2=" "><subfield code="a">00415997</subfield><subfield code="9">(PHFR)</subfield><subfield code="b">EG-Anbau (32)</subfield><subfield code="c">RB 10871 E29</subfield><subfield code="d">Standardleihe (01)</subfield><subfield code="e">Verfügbar (X)</subfield><subfield code="x">3. Auflage 2015</subfield></datafield></record>