
<record><leader>02055nam a2200000uu 4500</leader><controlfield tag="001">42062650</controlfield><controlfield tag="003">DE-Frei129</controlfield><controlfield tag="005">20220811084011.0</controlfield><controlfield tag="007">tu</controlfield><controlfield tag="008">110920s2010    ||||||||||||||||||||ger||</controlfield><datafield tag="020" ind1=" " ind2=" "><subfield code="a">9783895661969</subfield><subfield code="9">9783895661969</subfield><subfield code="c">fest geb. : EUR 16.00</subfield></datafield><datafield tag="035" ind1=" " ind2=" "><subfield code="a">(DE-576)1612762247</subfield></datafield><datafield tag="041" ind1=" " ind2=" "><subfield code="a">ger</subfield></datafield><datafield tag="100" ind1="1" ind2=" "><subfield code="a">Bell, Graham</subfield><subfield code="0">(DE-Frei129)00231360</subfield></datafield><datafield tag="245" ind1="1" ind2="4"><subfield code="a">Der Permakultur-Garten</subfield><subfield code="b">Anbau in Harmonie mit der Natur</subfield><subfield code="c">Graham Bell</subfield></datafield><datafield tag="246" ind1="1" ind2="3"><subfield code="a">The Permaculture Garden</subfield></datafield><datafield tag="250" ind1=" " ind2=" "><subfield code="a">korr., dt. Nachaufl.</subfield></datafield><datafield tag="260" ind1="3" ind2=" "><subfield code="a">Darmstadt</subfield><subfield code="b">Pala-Verl.</subfield><subfield code="c">2010</subfield></datafield><datafield tag="300" ind1=" " ind2=" "><subfield code="a">174 Seiten</subfield><subfield code="b">Ill., graph. Darst.</subfield></datafield><datafield tag="852" ind1=" " ind2=" "><subfield code="a">Frei 129</subfield><subfield code="b">PHFR</subfield><subfield code="c">Bio C 700: 103</subfield></datafield><datafield tag="980" ind1="0" ind2=" "><subfield code="a">00412822</subfield><subfield code="9">(PHFR)</subfield><subfield code="b">UG (33)</subfield><subfield code="c">Bio C 700: 103</subfield><subfield code="d">Standardleihe (01)</subfield><subfield code="e">ausgeliehen (A) - Fälligkeitsdatum: 19.08.2022</subfield></datafield></record>