
<record><leader>03430nam a2200000uuc4500</leader><controlfield tag="001">42062256</controlfield><controlfield tag="003">DE-Frei129</controlfield><controlfield tag="005">20220811084011.0</controlfield><controlfield tag="007">tu</controlfield><controlfield tag="008">101004s2010    ||||||||||||||||||||ger||</controlfield><datafield tag="015" ind1=" " ind2=" "><subfield code="a">10,N16</subfield></datafield><datafield tag="016" ind1="7" ind2=" "><subfield code="a">1001543955</subfield><subfield code="2">DE-101</subfield></datafield><datafield tag="020" ind1=" " ind2=" "><subfield code="a">9783473524143</subfield><subfield code="9">9783473524143</subfield><subfield code="c">PB. : EUR 7.95, EUR 8.20 (AT), sfr 15.30 (freier Pr.)</subfield></datafield><datafield tag="024" ind1="3" ind2=" "><subfield code="a">9783473524143</subfield></datafield><datafield tag="035" ind1=" " ind2=" "><subfield code="a">(DE-576)1400861004</subfield></datafield><datafield tag="041" ind1=" " ind2=" "><subfield code="a">ger</subfield><subfield code="h">eng</subfield></datafield><datafield tag="044" ind1=" " ind2=" "><subfield code="c">XA-DE-BW</subfield></datafield><datafield tag="100" ind1="1" ind2=" "><subfield code="a">Nimmo, Jenny</subfield><subfield code="0">(DE-Frei129)00116845</subfield><subfield code="0">(DE-588)124630715</subfield></datafield><datafield tag="245" ind1="1" ind2="0"><subfield code="a">Charlie Bone</subfield><subfield code="n">7</subfield><subfield code="p">Charlie Bone und der Schattenlord / Jenny Nimmo. Aus dem Engl. von Christa Broermann</subfield><subfield code="c">Jenny Nimmo</subfield></datafield><datafield tag="246" ind1="1" ind2="3"><subfield code="a">Charlie Bone and the Shadow of Badlock</subfield></datafield><datafield tag="260" ind1="3" ind2=" "><subfield code="a">[Ravensburg]</subfield><subfield code="b">Ravensburger Buchverl. Maier</subfield><subfield code="c">2010</subfield></datafield><datafield tag="300" ind1=" " ind2=" "><subfield code="a">360 Seiten</subfield><subfield code="c">180 mm x 123 mm</subfield></datafield><datafield tag="490" ind1="0" ind2=" "><subfield code="a">Ravensburger Taschenbuch </subfield><subfield code="v">Bd. 52414</subfield></datafield><datafield tag="500" ind1=" " ind2=" "><subfield code="a">Archivierung/Langzeitarchivierung gewährleistet</subfield></datafield><datafield tag="700" ind1="1" ind2=" "><subfield code="0">(DE-588)133375692</subfield><subfield code="0">(DE-Frei129)00207634</subfield><subfield code="a">Broermann, Christa</subfield><subfield code="4">Übers.</subfield></datafield><datafield tag="773" ind1="0" ind2="8"><subfield code="w">(DE-Frei129)42062246</subfield><subfield code="q">17</subfield></datafield><datafield tag="852" ind1=" " ind2=" "><subfield code="a">Frei 129</subfield><subfield code="b">PHFR</subfield><subfield code="c">HM 4850 N713 C4 -7</subfield></datafield><datafield tag="856" ind1="4" ind2=" "><subfield code="8">00</subfield><subfield code="u">http://deposit.d-nb.de/cgi-bin/dokserv?id=3453761&amp;prov=M&amp;dok_var=1&amp;dok_ext=htm</subfield><subfield code="y">Inhaltstext</subfield></datafield><datafield tag="980" ind1="0" ind2=" "><subfield code="a">00411988</subfield><subfield code="9">(PHFR)</subfield><subfield code="b">2.OG (35)</subfield><subfield code="c">HM 4850 N713 C4 -7</subfield><subfield code="d">Standardleihe (01)</subfield><subfield code="e">Verfügbar (X)</subfield></datafield></record>