
<record><leader>03440ncm a2200000uu 4500</leader><controlfield tag="001">42061524</controlfield><controlfield tag="003">DE-Frei129</controlfield><controlfield tag="005">20220811084011.0</controlfield><controlfield tag="007">qu</controlfield><controlfield tag="008">120126s2010    ||||||||||||||||||||eng||</controlfield><datafield tag="015" ind1=" " ind2=" "><subfield code="a">10,M12</subfield></datafield><datafield tag="016" ind1="7" ind2=" "><subfield code="a">1007926201</subfield><subfield code="2">DE-101</subfield></datafield><datafield tag="020" ind1=" " ind2=" "><subfield code="a">9783865435934</subfield><subfield code="9">9783865435934</subfield></datafield><datafield tag="024" ind1="3" ind2=" "><subfield code="a">9783865435934</subfield></datafield><datafield tag="035" ind1=" " ind2=" "><subfield code="a">(DE-576)642487715</subfield></datafield><datafield tag="041" ind1=" " ind2=" "><subfield code="a">eng</subfield></datafield><datafield tag="044" ind1=" " ind2=" "><subfield code="c">XA-DE</subfield></datafield><datafield tag="242" ind1="1" ind2="0"><subfield code="a">Melodiest. mit unterlegtem Text und Bezifferung.</subfield></datafield><datafield tag="245" ind1="1" ind2="0"><subfield code="a">Dylan - 100 Songs &amp; Bilder</subfield><subfield code="c">Bob Dylan</subfield></datafield><datafield tag="250" ind1=" " ind2=" "><subfield code="a">[Songbook], dt. Erstausg.</subfield></datafield><datafield tag="260" ind1="3" ind2=" "><subfield code="a">[Berlin]</subfield><subfield code="a">[London]</subfield><subfield code="b">Bosworth Edition</subfield><subfield code="b">Music Sales [Auslfg.]</subfield><subfield code="c">c 2010</subfield></datafield><datafield tag="300" ind1=" " ind2=" "><subfield code="a">496 Seiten</subfield><subfield code="b">Ill.</subfield><subfield code="c">31 cm</subfield></datafield><datafield tag="500" ind1=" " ind2=" "><subfield code="a">Melodiest. mit unterlegtem Text und Bezifferung.</subfield></datafield><datafield tag="500" ind1=" " ind2=" "><subfield code="a">Früheres Copyright: 2009 by Omnibus Press</subfield></datafield><datafield tag="500" ind1=" " ind2=" "><subfield code="a">IMD-Felder maschinell generiert (GBV)</subfield></datafield><datafield tag="700" ind1="1" ind2=" "><subfield code="0">(DE-588)118528408</subfield><subfield code="0">(DE-Frei129)00012924</subfield><subfield code="a">Dylan, Bob</subfield><subfield code="4">aut</subfield></datafield><datafield tag="852" ind1=" " ind2=" "><subfield code="a">Frei 129</subfield><subfield code="b">PHFR</subfield><subfield code="c">LP 95900 D996 M9</subfield></datafield><datafield tag="856" ind1="4" ind2=" "><subfield code="8">00</subfield><subfield code="u">http://external.dandelon.com/download/attachments/dandelon/ids/AT0019AD95007AC3218FEC12577E600284149.pdf</subfield><subfield code="y">Inhaltsverzeichnis</subfield></datafield><datafield tag="856" ind1="4" ind2=" "><subfield code="8">01</subfield><subfield code="u">https://external.dandelon.com/download/attachments/dandelon/ids/AT0019AD95007AC3218FEC12577E600284149.pdf</subfield><subfield code="y">Inhaltsverzeichnis</subfield></datafield><datafield tag="980" ind1="0" ind2=" "><subfield code="a">00409955</subfield><subfield code="9">(PHFR)</subfield><subfield code="b">3.OG (37)</subfield><subfield code="c">LP 95900 D996 M9</subfield><subfield code="d">Standardleihe (01)</subfield><subfield code="e">Verfügbar (X)</subfield></datafield></record>