
<record><leader>06994nam a2200000uu 4500</leader><controlfield tag="001">42060963</controlfield><controlfield tag="003">DE-Frei129</controlfield><controlfield tag="005">20220811084012.0</controlfield><controlfield tag="007">tu</controlfield><controlfield tag="008">161207s2010    ||||||||||||||||||||eng||</controlfield><datafield tag="020" ind1=" " ind2=" "><subfield code="a">9781846160646</subfield><subfield code="9">9781846160646</subfield><subfield code="c">(hbk.) £10.99</subfield></datafield><datafield tag="020" ind1=" " ind2=" "><subfield code="a">1846160642</subfield><subfield code="9">1846160642</subfield><subfield code="c">(hbk.) £10.99</subfield></datafield><datafield tag="020" ind1=" " ind2=" "><subfield code="a">9781408308585</subfield><subfield code="9">9781408308585</subfield><subfield code="c">(pbk.) £5.99</subfield></datafield><datafield tag="035" ind1=" " ind2=" "><subfield code="a">(DE-576)1622226542</subfield></datafield><datafield tag="040" ind1=" " ind2=" "><subfield code="e">rda</subfield></datafield><datafield tag="041" ind1=" " ind2=" "><subfield code="a">eng</subfield></datafield><datafield tag="100" ind1="1" ind2=" "><subfield code="a">Oram, Hiawyn</subfield><subfield code="0">(DE-Frei129)16005348</subfield><subfield code="0">(DE-588)102694175X</subfield><subfield code="4">aut</subfield></datafield><datafield tag="245" ind1="1" ind2="0"><subfield code="a">Rumblewick and the dinner dragons</subfield><subfield code="c">Hiawyn Oram ; Sarah Warburton</subfield></datafield><datafield tag="264" ind1=" " ind2="4"><subfield code="a">London</subfield><subfield code="b">Orchard Books</subfield><subfield code="c">2010</subfield></datafield><datafield tag="300" ind1=" " ind2=" "><subfield code="a">28 ungezählte Seiten</subfield><subfield code="c">29 cm</subfield></datafield><datafield tag="336" ind1=" " ind2=" "><subfield code="a">unmoving picture</subfield><subfield code="b">sti</subfield><subfield code="2">rdacontent</subfield><subfield code="8">1\x</subfield></datafield><datafield tag="336" ind1=" " ind2=" "><subfield code="a">text</subfield><subfield code="b">txt</subfield><subfield code="2">rdacontent</subfield><subfield code="8">2\x</subfield></datafield><datafield tag="337" ind1=" " ind2=" "><subfield code="a">unmediated</subfield><subfield code="b">n</subfield><subfield code="2">rdamedia</subfield></datafield><datafield tag="338" ind1=" " ind2=" "><subfield code="a">volume</subfield><subfield code="b">nc</subfield><subfield code="2">rdacarrier</subfield></datafield><datafield tag="490" ind1="0" ind2=" "><subfield code="a">The Rumblewick letters</subfield></datafield><datafield tag="650" ind1=" " ind2="7"><subfield code="a">Rumblewick (Fictitious character)</subfield><subfield code="0">(DE-Frei129)02427245</subfield><subfield code="2">local</subfield></datafield><datafield tag="650" ind1=" " ind2="7"><subfield code="a">Pictorial works</subfield><subfield code="0">(DE-Frei129)00237516</subfield><subfield code="2">local</subfield></datafield><datafield tag="650" ind1=" " ind2="7"><subfield code="a">Juvenile fiction</subfield><subfield code="0">(DE-Frei129)00282715</subfield><subfield code="2">local</subfield></datafield><datafield tag="650" ind1=" " ind2="7"><subfield code="a">Haggy Aggy (Fictitious character)</subfield><subfield code="0">(DE-Frei129)02427246</subfield><subfield code="2">local</subfield></datafield><datafield tag="650" ind1=" " ind2="7"><subfield code="a">Cats</subfield><subfield code="0">(DE-Frei129)00634625</subfield><subfield code="2">local</subfield></datafield><datafield tag="650" ind1=" " ind2="7"><subfield code="a">Witches</subfield><subfield code="0">(DE-Frei129)00442014</subfield><subfield code="2">local</subfield></datafield><datafield tag="650" ind1=" " ind2="7"><subfield code="a">Diary fiction</subfield><subfield code="0">(DE-Frei129)00443329</subfield><subfield code="2">local</subfield></datafield><datafield tag="650" ind1=" " ind2="7"><subfield code="a">Children&apos;s stories</subfield><subfield code="0">(DE-Frei129)00343656</subfield><subfield code="2">local</subfield></datafield><datafield tag="689" ind1="0" ind2="0"><subfield code="A">s</subfield><subfield code="a">Rumblewick (Fictitious character) </subfield></datafield><datafield tag="689" ind1="0" ind2="1"><subfield code="A">s</subfield><subfield code="a">Pictorial works </subfield></datafield><datafield tag="689" ind1="0" ind2="2"><subfield code="A">s</subfield><subfield code="a">Juvenile fiction</subfield><subfield code="5">DE-101</subfield></datafield><datafield tag="689" ind1="1" ind2="0"><subfield code="A">s</subfield><subfield code="a">Haggy Aggy (Fictitious character) </subfield></datafield><datafield tag="689" ind1="1" ind2="1"><subfield code="A">s</subfield><subfield code="a">Pictorial works </subfield></datafield><datafield tag="689" ind1="1" ind2="2"><subfield code="A">s</subfield><subfield code="a">Juvenile fiction</subfield><subfield code="5">DE-101</subfield></datafield><datafield tag="689" ind1="2" ind2="0"><subfield code="A">s</subfield><subfield code="a">Cats </subfield></datafield><datafield tag="689" ind1="2" ind2="1"><subfield code="A">s</subfield><subfield code="a">Pictorial works </subfield></datafield><datafield tag="689" ind1="2" ind2="2"><subfield code="A">s</subfield><subfield code="a">Juvenile fiction</subfield><subfield code="5">DE-101</subfield></datafield><datafield tag="689" ind1="3" ind2="0"><subfield code="A">s</subfield><subfield code="a">Witches </subfield></datafield><datafield tag="689" ind1="3" ind2="1"><subfield code="A">s</subfield><subfield code="a">Pictorial works </subfield></datafield><datafield tag="689" ind1="3" ind2="2"><subfield code="A">s</subfield><subfield code="a">Juvenile fiction</subfield><subfield code="5">DE-101</subfield></datafield><datafield tag="689" ind1="4" ind2="0"><subfield code="A">s</subfield><subfield code="a">Diary fiction</subfield><subfield code="5">DE-101</subfield></datafield><datafield tag="689" ind1="5" ind2="0"><subfield code="A">s</subfield><subfield code="a">Children&apos;s stories </subfield></datafield><datafield tag="689" ind1="5" ind2="1"><subfield code="A">s</subfield><subfield code="a">Pictorial works</subfield><subfield code="5">DE-101</subfield></datafield><datafield tag="700" ind1="1" ind2=" "><subfield code="0">(DE-588)1037418395</subfield><subfield code="0">(DE-Frei129)00954090</subfield><subfield code="a">Warburton, Sarah</subfield><subfield code="4">art</subfield></datafield><datafield tag="852" ind1=" " ind2=" "><subfield code="a">Frei 129</subfield><subfield code="b">PHFR</subfield><subfield code="c">HG 831 O63</subfield></datafield><datafield tag="980" ind1="0" ind2=" "><subfield code="a">00411272</subfield><subfield code="9">(PHFR)</subfield><subfield code="b">Handbibliothek (50)</subfield><subfield code="c">Fre O 780: 440</subfield><subfield code="d">Handbibliothek - nie verleihbar (54)</subfield><subfield code="e">Verfügbar (X)</subfield></datafield></record>