
<record><leader>03153nam a2200000uu 4500</leader><controlfield tag="001">42060806</controlfield><controlfield tag="003">DE-Frei129</controlfield><controlfield tag="005">20220811084012.0</controlfield><controlfield tag="007">tu</controlfield><controlfield tag="008">101018s2010    ||||||||||||||||||||ger||</controlfield><datafield tag="015" ind1=" " ind2=" "><subfield code="a">10,A37</subfield></datafield><datafield tag="016" ind1="7" ind2=" "><subfield code="a">1006613463</subfield><subfield code="2">DE-101</subfield></datafield><datafield tag="020" ind1=" " ind2=" "><subfield code="a">9783150095034</subfield><subfield code="9">9783150095034</subfield><subfield code="c">kart. : EUR 3.80</subfield></datafield><datafield tag="024" ind1="3" ind2=" "><subfield code="a">9783150095034</subfield></datafield><datafield tag="035" ind1=" " ind2=" "><subfield code="a">(DE-576)1605890510</subfield></datafield><datafield tag="041" ind1=" " ind2=" "><subfield code="a">ger</subfield></datafield><datafield tag="044" ind1=" " ind2=" "><subfield code="c">XA-DE-BW</subfield></datafield><datafield tag="245" ind1="1" ind2="0"><subfield code="a">Theorie des Dramas</subfield><subfield code="b">für die Sekundarstufe</subfield><subfield code="c">hrsg. von Ulrich Staehle</subfield></datafield><datafield tag="250" ind1=" " ind2=" "><subfield code="a">[Nachdr.]</subfield></datafield><datafield tag="260" ind1="3" ind2=" "><subfield code="a">Stuttgart</subfield><subfield code="b">Reclam</subfield><subfield code="c">2010</subfield></datafield><datafield tag="300" ind1=" " ind2=" "><subfield code="a">144 Seiten</subfield><subfield code="c">15 cm</subfield></datafield><datafield tag="490" ind1="0" ind2=" "><subfield code="a">Reclams Universal-Bibliothek </subfield><subfield code="v">Nr. 9503</subfield></datafield><datafield tag="500" ind1=" " ind2=" "><subfield code="a">Literaturangaben</subfield></datafield><datafield tag="500" ind1=" " ind2=" "><subfield code="a">Archivierung/Langzeitarchivierung gewährleistet</subfield></datafield><datafield tag="520" ind1=" " ind2=" "><subfield code="a">Im Anhang Arbeitsvorschläge für Schüler und Lehrer. Als Arbeitstext für den Unterricht in Sekundarstufe II sehr gut geeignet, zur selbstständigen Lektüre zum Thema nur begrenzt nutzbar</subfield></datafield><datafield tag="700" ind1="1" ind2=" "><subfield code="0">(DE-Frei129)00082257</subfield><subfield code="a">Staehle, Ulrich</subfield><subfield code="4">Hrsg.</subfield></datafield><datafield tag="852" ind1=" " ind2=" "><subfield code="a">Frei 129</subfield><subfield code="b">PHFR</subfield><subfield code="c">GB 2978 S778</subfield></datafield><datafield tag="856" ind1="4" ind2=" "><subfield code="8">00</subfield><subfield code="u">http://d-nb.info/1006613463/04</subfield><subfield code="y">Inhaltsverzeichnis</subfield></datafield><datafield tag="980" ind1="0" ind2=" "><subfield code="a">00406772</subfield><subfield code="9">(PHFR)</subfield><subfield code="b">2.OG (35)</subfield><subfield code="c">GB 2978 S778</subfield><subfield code="d">Standardleihe (01)</subfield><subfield code="e">Verfügbar (X)</subfield></datafield></record>