
<record><leader>04852nam a2200000uu 4500</leader><controlfield tag="001">42060656</controlfield><controlfield tag="003">DE-Frei129</controlfield><controlfield tag="005">20220811084012.0</controlfield><controlfield tag="007">tu</controlfield><controlfield tag="008">161114s2010    ||||||||||||||||||||fre||</controlfield><datafield tag="020" ind1=" " ind2=" "><subfield code="a">9782842801748</subfield><subfield code="9">978-2-84280-174-8</subfield></datafield><datafield tag="020" ind1=" " ind2=" "><subfield code="a">2842801741</subfield><subfield code="9">2-84280-174-1</subfield></datafield><datafield tag="035" ind1=" " ind2=" "><subfield code="a">(DE-576)1621665313</subfield></datafield><datafield tag="040" ind1=" " ind2=" "><subfield code="e">rda</subfield></datafield><datafield tag="041" ind1=" " ind2=" "><subfield code="a">fre</subfield></datafield><datafield tag="044" ind1=" " ind2=" "><subfield code="c">XA-FR</subfield></datafield><datafield tag="100" ind1="1" ind2=" "><subfield code="a">Pineau, Gisèle</subfield><subfield code="0">(DE-Frei129)00108281</subfield><subfield code="0">(DE-588)123992257</subfield><subfield code="4">aut</subfield></datafield><datafield tag="245" ind1="1" ind2="3"><subfield code="a">Un papillon dans la cité</subfield><subfield code="c">Gisèle Pineau</subfield></datafield><datafield tag="250" ind1=" " ind2=" "><subfield code="a">3e édition</subfield></datafield><datafield tag="264" ind1=" " ind2="4"><subfield code="a">Saint Maur des Fosses</subfield><subfield code="b">Sepia</subfield><subfield code="c">2010</subfield></datafield><datafield tag="300" ind1=" " ind2=" "><subfield code="a">124 Seiten</subfield><subfield code="c">18 cm</subfield></datafield><datafield tag="336" ind1=" " ind2=" "><subfield code="a">text</subfield><subfield code="b">txt</subfield><subfield code="2">rdacontent</subfield></datafield><datafield tag="337" ind1=" " ind2=" "><subfield code="a">unmediated</subfield><subfield code="b">n</subfield><subfield code="2">rdamedia</subfield></datafield><datafield tag="338" ind1=" " ind2=" "><subfield code="a">volume</subfield><subfield code="b">nc</subfield><subfield code="2">rdacarrier</subfield></datafield><datafield tag="490" ind1="0" ind2=" "><subfield code="a">Collection Sépia poche</subfield></datafield><datafield tag="500" ind1=" " ind2=" "><subfield code="a">Originally published: 1992</subfield></datafield><datafield tag="650" ind1=" " ind2="7"><subfield code="a">Guadeloupians</subfield><subfield code="0">(DE-Frei129)02416388</subfield><subfield code="2">local</subfield></datafield><datafield tag="650" ind1=" " ind2="7"><subfield code="a">Fiction</subfield><subfield code="0">(DE-Frei129)00238008</subfield><subfield code="2">local</subfield></datafield><datafield tag="650" ind1=" " ind2="7"><subfield code="a">France</subfield><subfield code="0">(DE-Frei129)00239784</subfield><subfield code="2">local</subfield></datafield><datafield tag="650" ind1=" " ind2="7"><subfield code="a">Grandparent and child</subfield><subfield code="0">(DE-Frei129)00247304</subfield><subfield code="2">local</subfield></datafield><datafield tag="689" ind1="0" ind2="0"><subfield code="A">s</subfield><subfield code="a">Guadeloupians </subfield></datafield><datafield tag="689" ind1="0" ind2="1"><subfield code="A">s</subfield><subfield code="a">Fiction </subfield></datafield><datafield tag="689" ind1="0" ind2="2"><subfield code="A">s</subfield><subfield code="a">France</subfield><subfield code="5">DE-101</subfield></datafield><datafield tag="689" ind1="1" ind2="0"><subfield code="A">s</subfield><subfield code="a">Grandparent and child </subfield></datafield><datafield tag="689" ind1="1" ind2="1"><subfield code="A">s</subfield><subfield code="a">Fiction</subfield><subfield code="5">DE-101</subfield></datafield><datafield tag="689" ind1="2" ind2="0"><subfield code="A">s</subfield><subfield code="a">Grandparent and child</subfield><subfield code="5">DE-101</subfield></datafield><datafield tag="689" ind1="3" ind2="0"><subfield code="A">s</subfield><subfield code="a">Guadeloupians </subfield></datafield><datafield tag="689" ind1="3" ind2="1"><subfield code="A">s</subfield><subfield code="a">France </subfield></datafield><datafield tag="689" ind1="3" ind2="2"><subfield code="A">s</subfield><subfield code="a">Fiction</subfield><subfield code="5">DE-101</subfield></datafield><datafield tag="852" ind1=" " ind2=" "><subfield code="a">Frei 129</subfield><subfield code="b">PHFR</subfield><subfield code="c">IH 91900 P649 (3)</subfield></datafield><datafield tag="980" ind1="0" ind2=" "><subfield code="a">00407146</subfield><subfield code="9">(PHFR)</subfield><subfield code="b">2.OG (35)</subfield><subfield code="c">IH 91900 P649 (3)</subfield><subfield code="d">Standardleihe (01)</subfield><subfield code="e">Verfügbar (X)</subfield></datafield></record>