
<record><leader>04958nam a2200000uu 4500</leader><controlfield tag="001">42060654</controlfield><controlfield tag="003">DE-Frei129</controlfield><controlfield tag="005">20220811084012.0</controlfield><controlfield tag="007">tu</controlfield><controlfield tag="008">161114s2010    ||||||||||||||||||||fre||</controlfield><datafield tag="020" ind1=" " ind2=" "><subfield code="a">9782211203043</subfield><subfield code="9">978-2-211-20304-3</subfield></datafield><datafield tag="020" ind1=" " ind2=" "><subfield code="a">2211203043</subfield><subfield code="9">2-211-20304-3</subfield></datafield><datafield tag="035" ind1=" " ind2=" "><subfield code="a">(DE-576)1621664783</subfield></datafield><datafield tag="040" ind1=" " ind2=" "><subfield code="e">rda</subfield></datafield><datafield tag="041" ind1=" " ind2=" "><subfield code="a">fre</subfield></datafield><datafield tag="044" ind1=" " ind2=" "><subfield code="c">XA-FR</subfield></datafield><datafield tag="100" ind1="1" ind2=" "><subfield code="a">Mwankumi, Dominique</subfield><subfield code="0">(DE-Frei129)42005425</subfield><subfield code="0">(DE-588)1015896707</subfield><subfield code="4">aut</subfield></datafield><datafield tag="245" ind1="1" ind2="0"><subfield code="a">Prince de la rue</subfield><subfield code="c">Dominique Mwankumi</subfield></datafield><datafield tag="264" ind1=" " ind2="4"><subfield code="a">Paris</subfield><subfield code="b">L&apos;école des loisirs</subfield><subfield code="c">2010</subfield></datafield><datafield tag="300" ind1=" " ind2=" "><subfield code="a">37 Seiten</subfield><subfield code="b">Illustrationen</subfield><subfield code="c">29 cm</subfield></datafield><datafield tag="336" ind1=" " ind2=" "><subfield code="a">unmoving picture</subfield><subfield code="b">sti</subfield><subfield code="2">rdacontent</subfield><subfield code="8">1\x</subfield></datafield><datafield tag="336" ind1=" " ind2=" "><subfield code="a">text</subfield><subfield code="b">txt</subfield><subfield code="2">rdacontent</subfield><subfield code="8">2\x</subfield></datafield><datafield tag="337" ind1=" " ind2=" "><subfield code="a">unmediated</subfield><subfield code="b">n</subfield><subfield code="2">rdamedia</subfield></datafield><datafield tag="338" ind1=" " ind2=" "><subfield code="a">volume</subfield><subfield code="b">nc</subfield><subfield code="2">rdacarrier</subfield></datafield><datafield tag="490" ind1="0" ind2=" "><subfield code="a">Archimède</subfield></datafield><datafield tag="520" ind1=" " ind2=" "><subfield code="a">Tells about friendship of two young Congolese boys, as they facing life around them</subfield></datafield><datafield tag="650" ind1=" " ind2="7"><subfield code="a">Children&apos;s stories, African (French)</subfield><subfield code="0">(DE-Frei129)02416384</subfield><subfield code="2">local</subfield></datafield><datafield tag="650" ind1=" " ind2="7"><subfield code="a">Congo (Democratic Republic)</subfield><subfield code="0">(DE-Frei129)01694553</subfield><subfield code="2">local</subfield></datafield><datafield tag="650" ind1=" " ind2="7"><subfield code="a">Juvenile fiction</subfield><subfield code="0">(DE-Frei129)00282715</subfield><subfield code="2">local</subfield></datafield><datafield tag="650" ind1=" " ind2="7"><subfield code="a">Fiction</subfield><subfield code="0">(DE-Frei129)00238008</subfield><subfield code="2">local</subfield></datafield><datafield tag="650" ind1=" " ind2="7"><subfield code="a">Juvenile works</subfield><subfield code="0">(DE-Frei129)01721056</subfield><subfield code="2">local</subfield></datafield><datafield tag="689" ind1="0" ind2="0"><subfield code="A">s</subfield><subfield code="a">Children&apos;s stories, African (French)</subfield><subfield code="5">DE-101</subfield></datafield><datafield tag="689" ind1="1" ind2="0"><subfield code="A">s</subfield><subfield code="a">Congo (Democratic Republic) </subfield></datafield><datafield tag="689" ind1="1" ind2="1"><subfield code="A">s</subfield><subfield code="a">Juvenile fiction</subfield><subfield code="5">DE-101</subfield></datafield><datafield tag="689" ind1="2" ind2="0"><subfield code="A">s</subfield><subfield code="a">Congo (Democratic Republic) </subfield></datafield><datafield tag="689" ind1="2" ind2="1"><subfield code="A">s</subfield><subfield code="a">Fiction </subfield></datafield><datafield tag="689" ind1="2" ind2="2"><subfield code="A">s</subfield><subfield code="a">Juvenile works</subfield><subfield code="5">DE-101</subfield></datafield><datafield tag="852" ind1=" " ind2=" "><subfield code="a">Frei 129</subfield><subfield code="b">PHFR</subfield><subfield code="c">ED 5540 M994</subfield></datafield><datafield tag="980" ind1="0" ind2=" "><subfield code="a">00407144</subfield><subfield code="9">(PHFR)</subfield><subfield code="b">2.OG (35)</subfield><subfield code="c">ED 5540 M994</subfield><subfield code="d">Standardleihe (01)</subfield><subfield code="e">Verfügbar (X)</subfield></datafield></record>