
<record><leader>02423nam a2200000uu 4500</leader><controlfield tag="001">42060438</controlfield><controlfield tag="003">DE-Frei129</controlfield><controlfield tag="005">20220811084012.0</controlfield><controlfield tag="007">tu</controlfield><controlfield tag="008">161107s2010    ||||||||||||||||||||ger||</controlfield><datafield tag="035" ind1=" " ind2=" "><subfield code="a">(DE-576)1549476661</subfield></datafield><datafield tag="040" ind1=" " ind2=" "><subfield code="e">rda</subfield></datafield><datafield tag="041" ind1=" " ind2=" "><subfield code="a">ger</subfield></datafield><datafield tag="245" ind1="1" ind2="0"><subfield code="a">Rechtschreibtrainer</subfield><subfield code="b">&quot;Rich-tig tren-nen&quot; : ein Arbeitskartensatz für den Sprachunterricht</subfield><subfield code="c">von Adelheid van Groning</subfield></datafield><datafield tag="264" ind1=" " ind2="4"><subfield code="a">Köln</subfield><subfield code="b">Sauros Verlag</subfield><subfield code="c">[2010]</subfield></datafield><datafield tag="264" ind1=" " ind2="4"><subfield code="c">© 2010</subfield></datafield><datafield tag="300" ind1=" " ind2=" "><subfield code="a">1 Schachtel</subfield><subfield code="c">23 x 16 x 4 cm</subfield></datafield><datafield tag="336" ind1=" " ind2=" "><subfield code="a">text</subfield><subfield code="b">txt</subfield><subfield code="2">rdacontent</subfield></datafield><datafield tag="337" ind1=" " ind2=" "><subfield code="a">unmediated</subfield><subfield code="b">n</subfield><subfield code="2">rdamedia</subfield></datafield><datafield tag="338" ind1=" " ind2=" "><subfield code="a">card(s)</subfield><subfield code="b">no</subfield><subfield code="2">rdacarrier</subfield></datafield><datafield tag="500" ind1=" " ind2=" "><subfield code="a">Enthält: 12 Arbeitskarten, 24 Wortkärtchen, 3 Arbeitsblätter, 3 Kontrollblätter und Anweisung in einer Plastikschachtel</subfield></datafield><datafield tag="852" ind1=" " ind2=" "><subfield code="a">Frei 129</subfield><subfield code="b">PHFR</subfield><subfield code="c">GB 2944 R297</subfield></datafield><datafield tag="980" ind1="0" ind2=" "><subfield code="a">00406603</subfield><subfield code="9">(PHFR)</subfield><subfield code="b">Handbibliothek (50)</subfield><subfield code="c">Deu O 400: 145</subfield><subfield code="d">Handbibliothek - nie verleihbar (54)</subfield><subfield code="e">Verfügbar (X)</subfield></datafield></record>