
<record><leader>01952nam a2200000uuc4500</leader><controlfield tag="001">42059963</controlfield><controlfield tag="003">DE-Frei129</controlfield><controlfield tag="005">20220811084012.0</controlfield><controlfield tag="007">tu</controlfield><controlfield tag="008">100916s2010    |||||||||||||||||||||||||</controlfield><datafield tag="020" ind1=" " ind2=" "><subfield code="a">9783834606389</subfield><subfield code="9">9783834606389</subfield></datafield><datafield tag="035" ind1=" " ind2=" "><subfield code="a">(DE-576)1400161428</subfield></datafield><datafield tag="245" ind1="1" ind2="0"><subfield code="a">Bildkarten zur Sprachförderung</subfield><subfield code="n">[...]</subfield><subfield code="p">Verben : für 3-7 Jahre / Mit Ill. von Anja Boretzki</subfield></datafield><datafield tag="260" ind1="3" ind2=" "><subfield code="a">Mülheim an der Ruhr</subfield><subfield code="b">Verl. an der Ruhr</subfield><subfield code="c">2010</subfield></datafield><datafield tag="300" ind1=" " ind2=" "><subfield code="a">32 farb. Bildktn, Begleitheft: 32  Seiten  - 9x11 cm, in stabilem Etui</subfield></datafield><datafield tag="700" ind1="1" ind2=" "><subfield code="0">(DE-588)101622852X</subfield><subfield code="0">(DE-Frei129)00591655</subfield><subfield code="a">Boretzki, Anja</subfield><subfield code="4">oth</subfield></datafield><datafield tag="773" ind1="0" ind2="8"><subfield code="w">(DE-Frei129)01654672</subfield></datafield><datafield tag="852" ind1=" " ind2=" "><subfield code="a">Frei 129</subfield><subfield code="b">PHFR</subfield><subfield code="c">GB 2952 B595 -1</subfield></datafield><datafield tag="980" ind1="0" ind2=" "><subfield code="a">00405332</subfield><subfield code="9">(PHFR)</subfield><subfield code="b">Handbibliothek (50)</subfield><subfield code="c">Deu N 600: 142,1</subfield><subfield code="d">Handbibliothek - nie verleihbar (54)</subfield><subfield code="e">Verfügbar (X)</subfield></datafield></record>