
<record><leader>02038nam a2200000uuc4500</leader><controlfield tag="001">42059962</controlfield><controlfield tag="003">DE-Frei129</controlfield><controlfield tag="005">20220811084012.0</controlfield><controlfield tag="007">tu</controlfield><controlfield tag="008">110505s2010    |||||||||||||||||||||||||</controlfield><datafield tag="020" ind1=" " ind2=" "><subfield code="a">9783834607157</subfield><subfield code="9">9783834607157</subfield></datafield><datafield tag="035" ind1=" " ind2=" "><subfield code="a">(DE-576)1413296971</subfield></datafield><datafield tag="245" ind1="1" ind2="0"><subfield code="a">Bildkarten zur Sprachförderung</subfield><subfield code="n">[...]</subfield><subfield code="p">Vergangenheit - Gegenwart- Zukunft : für 3-7 Jahre</subfield></datafield><datafield tag="260" ind1="3" ind2=" "><subfield code="a">Mülheim an der Ruhr</subfield><subfield code="b">Verl. an der Ruhr</subfield><subfield code="c">2010</subfield></datafield><datafield tag="300" ind1=" " ind2=" "><subfield code="b">30 farb. Bildktn, Begleitheft (31 S.) - in stabilem Etui</subfield></datafield><datafield tag="773" ind1="0" ind2="8"><subfield code="w">(DE-Frei129)01654672</subfield></datafield><datafield tag="852" ind1=" " ind2=" "><subfield code="a">Frei 129</subfield><subfield code="b">PHFR</subfield><subfield code="c">GB 2952 B595 -2</subfield></datafield><datafield tag="980" ind1="0" ind2=" "><subfield code="a">00405209</subfield><subfield code="9">(PHFR)</subfield><subfield code="b">Handbibliothek (50)</subfield><subfield code="c">Deu N 600: 142,2</subfield><subfield code="d">Handbibliothek - nie verleihbar (54)</subfield><subfield code="e">Verfügbar (X)</subfield></datafield><datafield tag="980" ind1="0" ind2=" "><subfield code="a">00407066</subfield><subfield code="9">(PHFR)</subfield><subfield code="b">Handbibliothek (50)</subfield><subfield code="c">Büro Gretsch</subfield><subfield code="d">Handbibliothek - nie verleihbar (54)</subfield><subfield code="e">Verfügbar (X)</subfield></datafield></record>