
<record><leader>03179nam a2200000uu 4500</leader><controlfield tag="001">42059882</controlfield><controlfield tag="003">DE-Frei129</controlfield><controlfield tag="005">20220811084012.0</controlfield><controlfield tag="007">tu</controlfield><controlfield tag="008">161014s2010    ||||||||||||||||||||eng||</controlfield><datafield tag="020" ind1=" " ind2=" "><subfield code="a">9781407239040</subfield><subfield code="9">9781407239040</subfield></datafield><datafield tag="020" ind1=" " ind2=" "><subfield code="a">140723904X</subfield><subfield code="9">140723904X</subfield></datafield><datafield tag="035" ind1=" " ind2=" "><subfield code="a">(DE-576)1621098818</subfield></datafield><datafield tag="040" ind1=" " ind2=" "><subfield code="e">rda</subfield></datafield><datafield tag="041" ind1=" " ind2=" "><subfield code="a">eng</subfield></datafield><datafield tag="044" ind1=" " ind2=" "><subfield code="c">XA-GB</subfield></datafield><datafield tag="100" ind1="1" ind2=" "><subfield code="a">Simon, Francesca</subfield><subfield code="0">(DE-Frei129)01023459</subfield><subfield code="0">(DE-588)1037810546</subfield><subfield code="4">aut</subfield></datafield><datafield tag="245" ind1="1" ind2="0"><subfield code="a">Horrid Henry and the football fiend</subfield><subfield code="c">Francesca Simon ; illustrated by Tony Ross</subfield></datafield><datafield tag="250" ind1=" " ind2=" "><subfield code="a">1st ed</subfield></datafield><datafield tag="264" ind1=" " ind2="4"><subfield code="a">London</subfield><subfield code="b">Orion Children&apos;s Books</subfield><subfield code="c">2010</subfield></datafield><datafield tag="300" ind1=" " ind2=" "><subfield code="a">79 Seiten</subfield><subfield code="b">Illustrationen</subfield><subfield code="c">20 cm</subfield></datafield><datafield tag="336" ind1=" " ind2=" "><subfield code="a">text</subfield><subfield code="b">txt</subfield><subfield code="2">rdacontent</subfield></datafield><datafield tag="337" ind1=" " ind2=" "><subfield code="a">unmediated</subfield><subfield code="b">n</subfield><subfield code="2">rdamedia</subfield></datafield><datafield tag="338" ind1=" " ind2=" "><subfield code="a">volume</subfield><subfield code="b">nc</subfield><subfield code="2">rdacarrier</subfield></datafield><datafield tag="490" ind1="0" ind2=" "><subfield code="a">Horrid Henry</subfield></datafield><datafield tag="490" ind1="0" ind2=" "><subfield code="a">Early reader</subfield></datafield><datafield tag="700" ind1="1" ind2=" "><subfield code="0">(DE-588)123109388</subfield><subfield code="0">(DE-Frei129)00078428</subfield><subfield code="a">Ross, Tony</subfield><subfield code="4">ill</subfield></datafield><datafield tag="852" ind1=" " ind2=" "><subfield code="a">Frei 129</subfield><subfield code="b">PHFR</subfield><subfield code="c">Fre O 580: 316</subfield></datafield><datafield tag="980" ind1="0" ind2=" "><subfield code="a">00405123</subfield><subfield code="9">(PHFR)</subfield><subfield code="b">Handbibliothek (50)</subfield><subfield code="c">Fre O 580: 316</subfield><subfield code="d">Handbibliothek - nie verleihbar (54)</subfield><subfield code="e">Verfügbar (X)</subfield></datafield></record>