
<record><leader>02827nam a2200000uuc4500</leader><controlfield tag="001">42059166</controlfield><controlfield tag="003">DE-Frei129</controlfield><controlfield tag="005">20220811084012.0</controlfield><controlfield tag="007">tu</controlfield><controlfield tag="008">101026s2010    |||||||||||||||||||||||||</controlfield><datafield tag="020" ind1=" " ind2=" "><subfield code="a">9783941206281</subfield><subfield code="9">9783941206281</subfield></datafield><datafield tag="035" ind1=" " ind2=" "><subfield code="a">(DE-576)1402599749</subfield></datafield><datafield tag="044" ind1=" " ind2=" "><subfield code="c">XA-DE-BW</subfield></datafield><datafield tag="100" ind1="1" ind2=" "><subfield code="a">Zenner, Cornelia</subfield><subfield code="0">(DE-Frei129)00580217</subfield><subfield code="0">(DE-588)129553247</subfield></datafield><datafield tag="245" ind1="1" ind2="0"><subfield code="a">Körperbewusstsein - Körperkult - Schönheit?</subfield><subfield code="n">Lehrerh.</subfield><subfield code="c">Cornelia Zenner; Gesine Heddrich; Günter Krapp</subfield></datafield><datafield tag="250" ind1=" " ind2=" "><subfield code="a">1. Aufl.</subfield></datafield><datafield tag="260" ind1="3" ind2=" "><subfield code="a">Rot a.d. Rot</subfield><subfield code="b">Krapp &amp;#38; Gutknecht</subfield><subfield code="c">2010</subfield></datafield><datafield tag="300" ind1=" " ind2=" "><subfield code="a">64 Seiten</subfield></datafield><datafield tag="500" ind1=" " ind2=" "><subfield code="a">Archivierung/Langzeitarchivierung gewährleistet</subfield></datafield><datafield tag="700" ind1="1" ind2=" "><subfield code="0">(DE-588)124860036</subfield><subfield code="0">(DE-Frei129)00119608</subfield><subfield code="a">Heddrich, Gesine</subfield><subfield code="4">aut</subfield></datafield><datafield tag="700" ind1="1" ind2=" "><subfield code="0">(DE-588)12133001X</subfield><subfield code="0">(DE-Frei129)00109704</subfield><subfield code="a">Krapp, Günter</subfield><subfield code="4">aut</subfield></datafield><datafield tag="773" ind1="0" ind2="8"><subfield code="w">(DE-Frei129)42059167</subfield><subfield code="q">LEHR</subfield></datafield><datafield tag="852" ind1=" " ind2=" "><subfield code="a">Frei 129</subfield><subfield code="b">PHFR</subfield><subfield code="c">Bio G 100: 102 L</subfield></datafield><datafield tag="856" ind1="4" ind2=" "><subfield code="8">00</subfield><subfield code="u">http://d-nb.info/1006505431/04</subfield><subfield code="y">Inhaltsverzeichnis</subfield></datafield><datafield tag="980" ind1="0" ind2=" "><subfield code="a">00403025</subfield><subfield code="9">(PHFR)</subfield><subfield code="b">UG (33)</subfield><subfield code="c">Bio G 100: 102 L</subfield><subfield code="d">Standardleihe (01)</subfield><subfield code="e">Verfügbar (X)</subfield></datafield></record>