
<record><leader>04561nam a2200000uu 4500</leader><controlfield tag="001">42058712</controlfield><controlfield tag="003">DE-Frei129</controlfield><controlfield tag="005">20220811084012.0</controlfield><controlfield tag="007">tu</controlfield><controlfield tag="008">160829s2010    ||||||||||||||||||||ger||</controlfield><datafield tag="020" ind1=" " ind2=" "><subfield code="a">9783871013256</subfield><subfield code="9">9783871013256</subfield></datafield><datafield tag="035" ind1=" " ind2=" "><subfield code="a">(DE-576)1620554224</subfield></datafield><datafield tag="040" ind1=" " ind2=" "><subfield code="e">rda</subfield></datafield><datafield tag="041" ind1=" " ind2=" "><subfield code="a">ger</subfield></datafield><datafield tag="044" ind1=" " ind2=" "><subfield code="c">XA-DE-BY</subfield></datafield><datafield tag="100" ind1="1" ind2=" "><subfield code="a">Howald, Sibylle</subfield><subfield code="0">(DE-Frei129)00163429</subfield><subfield code="4">aut</subfield></datafield><datafield tag="245" ind1="1" ind2="4"><subfield code="a">Die Burg im Mittelalter</subfield><subfield code="b">Materialien für ein Stationentraining : 4.-6. Klasse : Kopiervorlagen mit Lösungen : [Sekundarstufe 1]</subfield><subfield code="c">Sibylle Howald</subfield></datafield><datafield tag="250" ind1=" " ind2=" "><subfield code="a">2. Auflage</subfield></datafield><datafield tag="264" ind1=" " ind2="4"><subfield code="a">Augsburg</subfield><subfield code="b">Brigg Pädagogik</subfield><subfield code="c">2010</subfield></datafield><datafield tag="300" ind1=" " ind2=" "><subfield code="a">80 Seiten</subfield><subfield code="c">30 cm</subfield></datafield><datafield tag="336" ind1=" " ind2=" "><subfield code="a">text</subfield><subfield code="b">txt</subfield><subfield code="2">rdacontent</subfield></datafield><datafield tag="337" ind1=" " ind2=" "><subfield code="a">unmediated</subfield><subfield code="b">n</subfield><subfield code="2">rdamedia</subfield></datafield><datafield tag="338" ind1=" " ind2=" "><subfield code="a">volume</subfield><subfield code="b">nc</subfield><subfield code="2">rdacarrier</subfield></datafield><datafield tag="650" ind1=" " ind2="7"><subfield code="a">Burg</subfield><subfield code="0">(DE-Frei129)00004790</subfield><subfield code="0">(DE-588)4009104-1</subfield><subfield code="2">gnd</subfield></datafield><datafield tag="650" ind1=" " ind2="7"><subfield code="a">Mittelalter</subfield><subfield code="0">(DE-Frei129)00044643</subfield><subfield code="0">(DE-588)4129108-6</subfield><subfield code="2">gnd</subfield></datafield><datafield tag="650" ind1=" " ind2="7"><subfield code="a">Geschichtsunterricht</subfield><subfield code="0">(DE-Frei129)00009518</subfield><subfield code="0">(DE-588)4020533-2</subfield><subfield code="2">gnd</subfield></datafield><datafield tag="650" ind1=" " ind2="7"><subfield code="a">Sekundarstufe 1</subfield><subfield code="0">(DE-Frei129)00021625</subfield><subfield code="0">(DE-588)4054365-1</subfield><subfield code="2">gnd</subfield></datafield><datafield tag="689" ind1="0" ind2="0"><subfield code="0">(DE-588)4009104-1</subfield><subfield code="D">s</subfield><subfield code="a">Burg </subfield></datafield><datafield tag="689" ind1="0" ind2="1"><subfield code="0">(DE-588)4129108-6</subfield><subfield code="D">s</subfield><subfield code="a">Mittelalter </subfield></datafield><datafield tag="689" ind1="0" ind2="2"><subfield code="0">(DE-588)4020533-2</subfield><subfield code="D">s</subfield><subfield code="a">Geschichtsunterricht </subfield></datafield><datafield tag="689" ind1="0" ind2="3"><subfield code="0">(DE-588)4054365-1</subfield><subfield code="D">s</subfield><subfield code="a">Sekundarstufe 1</subfield><subfield code="5">DE-101</subfield></datafield><datafield tag="852" ind1=" " ind2=" "><subfield code="a">Frei 129</subfield><subfield code="b">PHFR</subfield><subfield code="c">NB 8800 H847 (2)</subfield></datafield><datafield tag="980" ind1="0" ind2=" "><subfield code="a">00400941</subfield><subfield code="9">(PHFR)</subfield><subfield code="b">Handbibliothek (50)</subfield><subfield code="c">Hist R 700: 42</subfield><subfield code="d">Handbibliothek - nie verleihbar (54)</subfield><subfield code="e">Verfügbar (X)</subfield></datafield><datafield tag="980" ind1="0" ind2=" "><subfield code="a">00400946</subfield><subfield code="9">(PHFR)</subfield><subfield code="b">UG (33)</subfield><subfield code="c">NB 8800 H847 (2)</subfield><subfield code="d">Standardleihe (01)</subfield><subfield code="e">Verfügbar (X)</subfield></datafield></record>