
<record><leader>03830nam a2200000uu 4500</leader><controlfield tag="001">42058309</controlfield><controlfield tag="003">DE-Frei129</controlfield><controlfield tag="005">20220811084012.0</controlfield><controlfield tag="007">tu</controlfield><controlfield tag="008">160208s2010    ||||||||||||||||||||ger||</controlfield><datafield tag="015" ind1=" " ind2=" "><subfield code="a">10,A14</subfield></datafield><datafield tag="016" ind1="7" ind2=" "><subfield code="a">998760889</subfield><subfield code="2">DE-101</subfield></datafield><datafield tag="020" ind1=" " ind2=" "><subfield code="a">9783551359476</subfield><subfield code="9">9783551359476</subfield><subfield code="c">kartoniert : EUR 4.99 (DE), EUR 5.10 (AT), sfr 9.50 (freier Pr.)</subfield></datafield><datafield tag="024" ind1="3" ind2=" "><subfield code="a">9783551359476</subfield></datafield><datafield tag="035" ind1=" " ind2=" "><subfield code="a">(DE-576)1618443232</subfield></datafield><datafield tag="040" ind1=" " ind2=" "><subfield code="e">rda</subfield></datafield><datafield tag="041" ind1=" " ind2=" "><subfield code="a">ger</subfield><subfield code="h">eng</subfield></datafield><datafield tag="044" ind1=" " ind2=" "><subfield code="c">XA-DE-HH</subfield></datafield><datafield tag="100" ind1="1" ind2=" "><subfield code="a">Rowling, J. K.</subfield><subfield code="0">(DE-Frei129)00126126</subfield><subfield code="0">(DE-588)122340469</subfield></datafield><datafield tag="245" ind1="1" ind2="0"><subfield code="a">Quidditch im Wandel der Zeiten</subfield><subfield code="b">ein Klassiker aus der Zauberwelt von Harry Potter</subfield><subfield code="c">Kennilworthy Whisp ; aus dem Englischen von Klaus Fritz</subfield></datafield><datafield tag="246" ind1="1" ind2="3"><subfield code="a">Quidditch trough the ages</subfield></datafield><datafield tag="264" ind1=" " ind2="4"><subfield code="a">Hamburg</subfield><subfield code="b">Carlsen</subfield><subfield code="c">[2010?]</subfield></datafield><datafield tag="300" ind1=" " ind2=" "><subfield code="a">64 Seiten</subfield><subfield code="b">Illustrationen</subfield><subfield code="c">19 cm</subfield></datafield><datafield tag="336" ind1=" " ind2=" "><subfield code="a">text</subfield><subfield code="b">txt</subfield><subfield code="2">rdacontent</subfield></datafield><datafield tag="337" ind1=" " ind2=" "><subfield code="a">unmediated</subfield><subfield code="b">n</subfield><subfield code="2">rdamedia</subfield></datafield><datafield tag="338" ind1=" " ind2=" "><subfield code="a">volume</subfield><subfield code="b">nc</subfield><subfield code="2">rdacarrier</subfield></datafield><datafield tag="520" ind1=" " ind2=" "><subfield code="a">Dieses Buch wird erstmals in ?Harry Potter und der Stein der Weisen? erwähnt. Dort ist es im Bestand der Bibliothek von Hogwarts zu finden. Es beschäftigt sich mit der Sportart Quidditch, die von Zauberern und Hexen auf fliegenden Besen gespielt wird, schildert ausserdem die Entwicklung des Flugbesens, berichtet von früheren Besenspielen und stellt berühmte Quidditch-Mannschaften Grossbritanniens und Irlands vor. Ab 10</subfield></datafield><datafield tag="700" ind1="1" ind2=" "><subfield code="0">(DE-588)137362463</subfield><subfield code="0">(DE-Frei129)00485833</subfield><subfield code="a">Fritz, Klaus</subfield><subfield code="4">ill</subfield></datafield><datafield tag="852" ind1=" " ind2=" "><subfield code="a">Frei 129</subfield><subfield code="b">PHFR</subfield><subfield code="c">HN 7625 R884</subfield></datafield><datafield tag="980" ind1="0" ind2=" "><subfield code="a">00400865</subfield><subfield code="9">(PHFR)</subfield><subfield code="b">2.OG (35)</subfield><subfield code="c">HN 7625 R884</subfield><subfield code="d">Standardleihe (01)</subfield><subfield code="e">Verfügbar (X)</subfield></datafield></record>