
<record><leader>02768ncm a2200000uuc4500</leader><controlfield tag="001">42057747</controlfield><controlfield tag="003">DE-Frei129</controlfield><controlfield tag="005">20220811084012.0</controlfield><controlfield tag="007">qu</controlfield><controlfield tag="008">160713s2010    ||||||||||||||||||||eng||</controlfield><datafield tag="020" ind1=" " ind2=" "><subfield code="a">9781849386210</subfield><subfield code="9">978-1-84938-621-0</subfield></datafield><datafield tag="020" ind1=" " ind2=" "><subfield code="a">1849386218</subfield><subfield code="9">1-84938-621-8</subfield></datafield><datafield tag="035" ind1=" " ind2=" "><subfield code="a">(DE-576)1544036086</subfield></datafield><datafield tag="040" ind1=" " ind2=" "><subfield code="e">rda</subfield></datafield><datafield tag="041" ind1=" " ind2=" "><subfield code="a">eng</subfield></datafield><datafield tag="044" ind1=" " ind2=" "><subfield code="c">XA-GB</subfield></datafield><datafield tag="245" ind1="1" ind2="0"><subfield code="a">Sing pop a cappella</subfield><subfield code="b">a unique guide to teaching unaccompanied singing!</subfield><subfield code="n">[2]</subfield><subfield code="p">Book two</subfield><subfield code="c">Gitika Partington</subfield></datafield><datafield tag="246" ind1="1" ind2="3"><subfield code="a">Book 2</subfield></datafield><datafield tag="264" ind1=" " ind2="4"><subfield code="a">London</subfield><subfield code="b">Novello</subfield><subfield code="c">2010 [2010]</subfield></datafield><datafield tag="300" ind1=" " ind2=" "><subfield code="a">1 Partitur (40 Seiten)</subfield><subfield code="c">31 cm</subfield><subfield code="e">1 CD</subfield></datafield><datafield tag="336" ind1=" " ind2=" "><subfield code="a">Printed music</subfield><subfield code="b">ntm</subfield><subfield code="2">rdacontent</subfield></datafield><datafield tag="337" ind1=" " ind2=" "><subfield code="a">unmediated</subfield><subfield code="b">n</subfield><subfield code="2">rdamedia</subfield></datafield><datafield tag="338" ind1=" " ind2=" "><subfield code="a">volume</subfield><subfield code="b">nc</subfield><subfield code="2">rdacarrier</subfield></datafield><datafield tag="773" ind1="0" ind2="8"><subfield code="w">(DE-Frei129)03615700</subfield><subfield code="q">12</subfield></datafield><datafield tag="852" ind1=" " ind2=" "><subfield code="a">Frei 129</subfield><subfield code="b">PHFR</subfield><subfield code="c">LT 12600 P273 -2</subfield></datafield><datafield tag="980" ind1="0" ind2=" "><subfield code="a">00399993</subfield><subfield code="9">(PHFR)</subfield><subfield code="b">3.OG (37)</subfield><subfield code="c">LT 12600 P273 -2</subfield><subfield code="d">Standardleihe (01)</subfield><subfield code="e">Verfügbar (X)</subfield></datafield></record>