
<record><leader>03157ncm a2200000uu 4500</leader><controlfield tag="001">42057611</controlfield><controlfield tag="003">DE-Frei129</controlfield><controlfield tag="005">20220811084012.0</controlfield><controlfield tag="007">qu</controlfield><controlfield tag="008">160707s2010    ||||||||||||||||||||eng||</controlfield><datafield tag="020" ind1=" " ind2=" "><subfield code="a">9780193365810</subfield><subfield code="9">9780193365810</subfield></datafield><datafield tag="024" ind1="3" ind2=" "><subfield code="a">9780193365810</subfield></datafield><datafield tag="035" ind1=" " ind2=" "><subfield code="a">(DE-576)1620614979</subfield></datafield><datafield tag="040" ind1=" " ind2=" "><subfield code="e">rda</subfield></datafield><datafield tag="041" ind1=" " ind2=" "><subfield code="a">eng</subfield></datafield><datafield tag="044" ind1=" " ind2=" "><subfield code="c">XA-GB</subfield></datafield><datafield tag="245" ind1="1" ind2="0"><subfield code="a">Oxford solo songs</subfield><subfield code="b">sacred : high voice: [16 songs with piano or organ]</subfield><subfield code="c">[John Rutter, Bob Chilcott, Andrew Gant, Ronald Corp, Alan Bullard, Jonathan Willcocks, Simon Lole, Mack Wilberg, Lionel Bourne]</subfield></datafield><datafield tag="264" ind1=" " ind2="4"><subfield code="a">Oxford</subfield><subfield code="b">Oxford University Press</subfield><subfield code="c">[2010]</subfield></datafield><datafield tag="264" ind1=" " ind2="4"><subfield code="c">© 2010</subfield></datafield><datafield tag="300" ind1=" " ind2=" "><subfield code="a">1 Partitur (63 Seiten)</subfield><subfield code="c">31 cm</subfield><subfield code="e">1 CD</subfield></datafield><datafield tag="336" ind1=" " ind2=" "><subfield code="a">Printed music</subfield><subfield code="b">ntm</subfield><subfield code="2">rdacontent</subfield></datafield><datafield tag="337" ind1=" " ind2=" "><subfield code="a">unmediated</subfield><subfield code="b">n</subfield><subfield code="2">rdamedia</subfield></datafield><datafield tag="338" ind1=" " ind2=" "><subfield code="a">volume</subfield><subfield code="b">nc</subfield><subfield code="2">rdacarrier</subfield></datafield><datafield tag="490" ind1="0" ind2=" "><subfield code="a">Oxford</subfield></datafield><datafield tag="490" ind1="0" ind2=" "><subfield code="a">High voice sacred</subfield></datafield><datafield tag="500" ind1=" " ind2=" "><subfield code="a">Die Vorlage enth. insgesamt 16 Werke</subfield></datafield><datafield tag="500" ind1=" " ind2=" "><subfield code="a">Erscheinungsjahr in Vorlageform:c 2010</subfield></datafield><datafield tag="500" ind1=" " ind2=" "><subfield code="a">Archivierung prüfen</subfield></datafield><datafield tag="852" ind1=" " ind2=" "><subfield code="a">Frei 129</subfield><subfield code="b">PHFR</subfield><subfield code="c">LT 12600 O98</subfield></datafield><datafield tag="980" ind1="0" ind2=" "><subfield code="a">00399703</subfield><subfield code="9">(PHFR)</subfield><subfield code="b">3.OG (37)</subfield><subfield code="c">LT 12600 O98</subfield><subfield code="d">Standardleihe (01)</subfield><subfield code="e">Verfügbar (X)</subfield></datafield></record>