
<record><leader>04151nam a2200000uu 4500</leader><controlfield tag="001">42057253</controlfield><controlfield tag="003">DE-Frei129</controlfield><controlfield tag="005">20220811084012.0</controlfield><controlfield tag="007">tu</controlfield><controlfield tag="008">160617s2010    ||||||||||||||||||||eng||</controlfield><datafield tag="020" ind1=" " ind2=" "><subfield code="a">9781848950443</subfield><subfield code="9">9781848950443</subfield><subfield code="c">(hbk.) £4.99</subfield></datafield><datafield tag="020" ind1=" " ind2=" "><subfield code="a">1848950446</subfield><subfield code="9">1848950446</subfield><subfield code="c">(hbk.) £4.99</subfield></datafield><datafield tag="035" ind1=" " ind2=" "><subfield code="a">(DE-576)1620225921</subfield></datafield><datafield tag="040" ind1=" " ind2=" "><subfield code="e">rda</subfield></datafield><datafield tag="041" ind1=" " ind2=" "><subfield code="a">eng</subfield></datafield><datafield tag="100" ind1="1" ind2=" "><subfield code="a">Butler, M. Christina</subfield><subfield code="0">(DE-Frei129)00131739</subfield><subfield code="4">aut</subfield></datafield><datafield tag="245" ind1="1" ind2="0"><subfield code="a">One winter&apos;s day</subfield><subfield code="c">M. Christina Butler ; Tina Macnaughton</subfield></datafield><datafield tag="264" ind1=" " ind2="4"><subfield code="a">London</subfield><subfield code="b">Little Tiger Press</subfield><subfield code="c">2010</subfield></datafield><datafield tag="300" ind1=" " ind2=" "><subfield code="a">16 ungezählte Seiten</subfield><subfield code="c">20 cm</subfield></datafield><datafield tag="336" ind1=" " ind2=" "><subfield code="a">text</subfield><subfield code="b">txt</subfield><subfield code="2">rdacontent</subfield><subfield code="8">1\x</subfield></datafield><datafield tag="336" ind1=" " ind2=" "><subfield code="a">unmoving picture</subfield><subfield code="b">sti</subfield><subfield code="2">rdacontent</subfield><subfield code="8">2\x</subfield></datafield><datafield tag="337" ind1=" " ind2=" "><subfield code="a">unmediated</subfield><subfield code="b">n</subfield><subfield code="2">rdamedia</subfield></datafield><datafield tag="338" ind1=" " ind2=" "><subfield code="a">volume</subfield><subfield code="b">nc</subfield><subfield code="2">rdacarrier</subfield></datafield><datafield tag="500" ind1=" " ind2=" "><subfield code="a">A touch-and-feel book</subfield></datafield><datafield tag="650" ind1=" " ind2="7"><subfield code="a">Children&apos;s stories</subfield><subfield code="0">(DE-Frei129)00343656</subfield><subfield code="2">local</subfield></datafield><datafield tag="650" ind1=" " ind2="7"><subfield code="a">Pictorial works</subfield><subfield code="0">(DE-Frei129)00237516</subfield><subfield code="2">local</subfield></datafield><datafield tag="650" ind1=" " ind2="7"><subfield code="a">Board books</subfield><subfield code="0">(DE-Frei129)00497397</subfield><subfield code="2">local</subfield></datafield><datafield tag="689" ind1="0" ind2="0"><subfield code="A">s</subfield><subfield code="a">Children&apos;s stories </subfield></datafield><datafield tag="689" ind1="0" ind2="1"><subfield code="A">s</subfield><subfield code="a">Pictorial works</subfield><subfield code="5">DE-101</subfield></datafield><datafield tag="689" ind1="1" ind2="0"><subfield code="A">s</subfield><subfield code="a">Board books</subfield><subfield code="5">DE-101</subfield></datafield><datafield tag="700" ind1="1" ind2=" "><subfield code="0">(DE-588)1051290376</subfield><subfield code="0">(DE-Frei129)01178208</subfield><subfield code="a">Macnaughton, Tina</subfield><subfield code="4">art</subfield></datafield><datafield tag="852" ind1=" " ind2=" "><subfield code="a">Frei 129</subfield><subfield code="b">PHFR</subfield><subfield code="c">HG 831 B986</subfield></datafield><datafield tag="980" ind1="0" ind2=" "><subfield code="a">00398829</subfield><subfield code="9">(PHFR)</subfield><subfield code="b">Handbibliothek (50)</subfield><subfield code="c">Fre O 780: 366</subfield><subfield code="d">Handbibliothek - nie verleihbar (54)</subfield><subfield code="e">Verfügbar (X)</subfield></datafield></record>