
<record><leader>02458nam a2200000uuc4500</leader><controlfield tag="001">42056809</controlfield><controlfield tag="003">DE-Frei129</controlfield><controlfield tag="005">20220811084012.0</controlfield><controlfield tag="007">tu</controlfield><controlfield tag="008">101011s2010    ||||||||||||||||||||ger||</controlfield><datafield tag="020" ind1=" " ind2=" "><subfield code="a">9783123132919</subfield><subfield code="9">9783123132919</subfield></datafield><datafield tag="024" ind1="3" ind2=" "><subfield code="a">9783123132919</subfield></datafield><datafield tag="035" ind1=" " ind2=" "><subfield code="a">(DE-576)1401372716</subfield></datafield><datafield tag="041" ind1=" " ind2=" "><subfield code="a">ger</subfield></datafield><datafield tag="245" ind1="1" ind2="0"><subfield code="a">Deutsch.kombi plus</subfield><subfield code="n">1</subfield><subfield code="p">Arbeitsheft für das 5. Schuljahr</subfield><subfield code="c">hrsg. von Sabine Utheß</subfield></datafield><datafield tag="250" ind1=" " ind2=" "><subfield code="a">[Ausg.] A, 1. Aufl.</subfield></datafield><datafield tag="260" ind1="3" ind2=" "><subfield code="a">Stuttgart ; Leipzig</subfield><subfield code="b">Klett</subfield><subfield code="c">2010</subfield></datafield><datafield tag="300" ind1=" " ind2=" "><subfield code="a">72 Seiten</subfield></datafield><datafield tag="500" ind1=" " ind2=" "><subfield code="a">Archivierung/Langzeitarchivierung gewährleistet</subfield></datafield><datafield tag="773" ind1="0" ind2="8"><subfield code="w">(DE-Frei129)03588289</subfield><subfield code="q">11ARBE1142010</subfield></datafield><datafield tag="852" ind1=" " ind2=" "><subfield code="a">Frei 129</subfield><subfield code="b">PHFR</subfield><subfield code="c">GB 2996 II D626 A -1</subfield></datafield><datafield tag="980" ind1="0" ind2=" "><subfield code="a">00397452</subfield><subfield code="9">(PHFR)</subfield><subfield code="b">Handbibliothek (50)</subfield><subfield code="c">Deu O 530: 16 A,1</subfield><subfield code="d">Handbibliothek - nie verleihbar (54)</subfield><subfield code="e">Verfügbar (X)</subfield></datafield><datafield tag="980" ind1="0" ind2=" "><subfield code="a">00427114</subfield><subfield code="9">(PHFR)</subfield><subfield code="b">Handbibliothek (50)</subfield><subfield code="c">Deu O 530: 16 A,1 a</subfield><subfield code="d">Handbibliothek - nie verleihbar (54)</subfield><subfield code="e">Verfügbar (X)</subfield></datafield></record>