
<record><leader>02726nam a2200000uu 4500</leader><controlfield tag="001">42055949</controlfield><controlfield tag="003">DE-Frei129</controlfield><controlfield tag="005">20220811084012.0</controlfield><controlfield tag="007">tu</controlfield><controlfield tag="008">160411s2010    ||||||||||||||||||||ger||</controlfield><datafield tag="020" ind1=" " ind2=" "><subfield code="a">9783939905134</subfield><subfield code="9">9783939905134</subfield></datafield><datafield tag="035" ind1=" " ind2=" "><subfield code="a">(DE-576)1619301253</subfield></datafield><datafield tag="040" ind1=" " ind2=" "><subfield code="e">rda</subfield></datafield><datafield tag="041" ind1=" " ind2=" "><subfield code="a">ger</subfield></datafield><datafield tag="044" ind1=" " ind2=" "><subfield code="c">XA-DE-BY</subfield></datafield><datafield tag="100" ind1="1" ind2=" "><subfield code="a">Harprath, Gerda</subfield><subfield code="0">(DE-Frei129)42003754</subfield><subfield code="4">aut</subfield></datafield><datafield tag="245" ind1="1" ind2="4"><subfield code="a">Das Kinderbuch zum Gottesdienst</subfield><subfield code="c">Gerda und Ulrich Harprath</subfield></datafield><datafield tag="250" ind1=" " ind2=" "><subfield code="a">2. Auflage</subfield></datafield><datafield tag="264" ind1=" " ind2="4"><subfield code="a">München</subfield><subfield code="b">Verlag Sankt Michaelsbund</subfield><subfield code="c">2010</subfield></datafield><datafield tag="300" ind1=" " ind2=" "><subfield code="a">43 Seiten</subfield><subfield code="b">Illustrationen</subfield></datafield><datafield tag="336" ind1=" " ind2=" "><subfield code="a">text</subfield><subfield code="b">txt</subfield><subfield code="2">rdacontent</subfield></datafield><datafield tag="337" ind1=" " ind2=" "><subfield code="a">unmediated</subfield><subfield code="b">n</subfield><subfield code="2">rdamedia</subfield></datafield><datafield tag="338" ind1=" " ind2=" "><subfield code="a">volume</subfield><subfield code="b">nc</subfield><subfield code="2">rdacarrier</subfield></datafield><datafield tag="700" ind1="1" ind2=" "><subfield code="0">(DE-Frei129)42003755</subfield><subfield code="a">Harprath, Ulrich</subfield><subfield code="4">aut</subfield></datafield><datafield tag="852" ind1=" " ind2=" "><subfield code="a">Frei 129</subfield><subfield code="b">PHFR</subfield><subfield code="c">ED 5440 H295 (2)</subfield></datafield><datafield tag="980" ind1="0" ind2=" "><subfield code="a">00393288</subfield><subfield code="9">(PHFR)</subfield><subfield code="b">Handbibliothek (50)</subfield><subfield code="c">Theo T 370: 220</subfield><subfield code="d">Handbibliothek - nie verleihbar (54)</subfield><subfield code="e">Verfügbar (X)</subfield></datafield></record>