
<record><leader>03699nam a2200000uu 4500</leader><controlfield tag="001">42055922</controlfield><controlfield tag="003">DE-Frei129</controlfield><controlfield tag="005">20220811084012.0</controlfield><controlfield tag="007">tu</controlfield><controlfield tag="008">101208s2010    ||||||||||||||||||||ger||</controlfield><datafield tag="015" ind1=" " ind2=" "><subfield code="a">10,N49</subfield></datafield><datafield tag="016" ind1="7" ind2=" "><subfield code="a">1008781347</subfield><subfield code="2">DE-101</subfield></datafield><datafield tag="020" ind1=" " ind2=" "><subfield code="a">9783451710018</subfield><subfield code="9">9783451710018</subfield><subfield code="c">Hgewebe : EUR 14.95 (DE), EUR 15.40 (AT), sfr 23.50 (freier Pr.)</subfield></datafield><datafield tag="024" ind1="3" ind2=" "><subfield code="a">9783451710018</subfield></datafield><datafield tag="035" ind1=" " ind2=" "><subfield code="a">(DE-576)641390068</subfield></datafield><datafield tag="041" ind1=" " ind2=" "><subfield code="a">ger</subfield></datafield><datafield tag="044" ind1=" " ind2=" "><subfield code="c">XA-DE-BW</subfield><subfield code="c">XA-CH</subfield><subfield code="c">XA-AT</subfield></datafield><datafield tag="100" ind1="1" ind2=" "><subfield code="a">Langen, Annette</subfield><subfield code="0">(DE-Frei129)00984524</subfield><subfield code="0">(DE-588)120543311</subfield></datafield><datafield tag="245" ind1="1" ind2="0"><subfield code="a">Heiligenlegenden in 5-Minuten-Geschichten</subfield><subfield code="c">Annette Langen. Mit Ill. von Frauke Weldin</subfield></datafield><datafield tag="260" ind1="3" ind2=" "><subfield code="a">Freiburg im Breisgau</subfield><subfield code="b">Kerle</subfield><subfield code="c">c 2010</subfield></datafield><datafield tag="300" ind1=" " ind2=" "><subfield code="a">75 Seiten</subfield><subfield code="b">Ill.</subfield><subfield code="c">25 cm</subfield></datafield><datafield tag="500" ind1=" " ind2=" "><subfield code="a">IMD-Felder maschinell generiert (GBV)</subfield></datafield><datafield tag="500" ind1=" " ind2=" "><subfield code="a">Archivierung/Langzeitarchivierung gewährleistet</subfield></datafield><datafield tag="650" ind1=" " ind2="7"><subfield code="a">Heiliger</subfield><subfield code="0">(DE-Frei129)00010823</subfield><subfield code="0">(DE-588)4024055-1</subfield><subfield code="2">gnd</subfield></datafield><datafield tag="650" ind1=" " ind2="7"><subfield code="a">Legende</subfield><subfield code="0">(DE-Frei129)00015135</subfield><subfield code="0">(DE-588)4035028-9</subfield><subfield code="2">gnd</subfield></datafield><datafield tag="689" ind1="0" ind2="0"><subfield code="0">(DE-588)4024055-1</subfield><subfield code="D">s</subfield><subfield code="a">Heiliger </subfield></datafield><datafield tag="689" ind1="0" ind2="1"><subfield code="0">(DE-588)4035028-9</subfield><subfield code="D">s</subfield><subfield code="a">Legende</subfield><subfield code="5">DE-101</subfield></datafield><datafield tag="700" ind1="1" ind2=" "><subfield code="0">(DE-588)141941863</subfield><subfield code="0">(DE-Frei129)00374623</subfield><subfield code="a">Weldin, Frauke</subfield><subfield code="4">oth</subfield></datafield><datafield tag="852" ind1=" " ind2=" "><subfield code="a">Frei 129</subfield><subfield code="b">PHFR</subfield><subfield code="c">BU 5000 L275</subfield></datafield><datafield tag="980" ind1="0" ind2=" "><subfield code="a">00394480</subfield><subfield code="9">(PHFR)</subfield><subfield code="b">Handbibliothek (50)</subfield><subfield code="c">Theo U 750: 15</subfield><subfield code="d">Handbibliothek - nie verleihbar (54)</subfield><subfield code="e">Verfügbar (X)</subfield></datafield></record>