
<record><leader>03413nam a2200000uu 4500</leader><controlfield tag="001">42055489</controlfield><controlfield tag="003">DE-Frei129</controlfield><controlfield tag="005">20220811084012.0</controlfield><controlfield tag="007">tu</controlfield><controlfield tag="008">100203s2010    ||||||||||||||||||||ger||</controlfield><datafield tag="015" ind1=" " ind2=" "><subfield code="a">10,A05</subfield></datafield><datafield tag="015" ind1=" " ind2=" "><subfield code="a">10,N03</subfield></datafield><datafield tag="016" ind1="7" ind2=" "><subfield code="a">99921750X</subfield><subfield code="2">DE-101</subfield></datafield><datafield tag="020" ind1=" " ind2=" "><subfield code="a">9783799502863</subfield><subfield code="9">9783799502863</subfield><subfield code="c">HGewebe : EUR 8.90 (DE), EUR 9.15 (AT), sfr 16.50 (freier Pr.)</subfield></datafield><datafield tag="024" ind1="3" ind2=" "><subfield code="a">9783799502863</subfield></datafield><datafield tag="035" ind1=" " ind2=" "><subfield code="a">(DE-576)617906254</subfield></datafield><datafield tag="041" ind1=" " ind2=" "><subfield code="a">ger</subfield></datafield><datafield tag="044" ind1=" " ind2=" "><subfield code="c">XA-DE-BW</subfield></datafield><datafield tag="245" ind1="1" ind2="4"><subfield code="a">Das kleine Buch der Osterbräuche</subfield><subfield code="c">[Red.: Patrick Wittmann]</subfield></datafield><datafield tag="260" ind1="3" ind2=" "><subfield code="a">Ostfildern</subfield><subfield code="b">Thorbecke</subfield><subfield code="c">2010</subfield></datafield><datafield tag="300" ind1=" " ind2=" "><subfield code="a">62 Seiten</subfield><subfield code="b">zahlr. Ill</subfield><subfield code="c">17 cm</subfield></datafield><datafield tag="500" ind1=" " ind2=" "><subfield code="a">IMD-Felder maschinell generiert (GBV)</subfield></datafield><datafield tag="500" ind1=" " ind2=" "><subfield code="a">Archivierung/Langzeitarchivierung gewährleistet</subfield></datafield><datafield tag="650" ind1=" " ind2="7"><subfield code="a">Ostern</subfield><subfield code="0">(DE-Frei129)00018347</subfield><subfield code="0">(DE-588)4044040-0</subfield><subfield code="2">gnd</subfield></datafield><datafield tag="650" ind1=" " ind2="7"><subfield code="a">Brauch</subfield><subfield code="0">(DE-Frei129)00004352</subfield><subfield code="0">(DE-588)4008017-1</subfield><subfield code="2">gnd</subfield></datafield><datafield tag="689" ind1="0" ind2="0"><subfield code="0">(DE-588)4044040-0</subfield><subfield code="D">s</subfield><subfield code="a">Ostern </subfield></datafield><datafield tag="689" ind1="0" ind2="1"><subfield code="0">(DE-588)4008017-1</subfield><subfield code="D">s</subfield><subfield code="a">Brauch</subfield><subfield code="5">DE-101</subfield></datafield><datafield tag="700" ind1="1" ind2=" "><subfield code="0">(DE-Frei129)42003715</subfield><subfield code="a">Wittmann, Patrick</subfield><subfield code="4">Red.</subfield></datafield><datafield tag="852" ind1=" " ind2=" "><subfield code="a">Frei 129</subfield><subfield code="b">PHFR</subfield><subfield code="c">LH 83200 W832</subfield></datafield><datafield tag="980" ind1="0" ind2=" "><subfield code="a">00392703</subfield><subfield code="9">(PHFR)</subfield><subfield code="b">UG (33)</subfield><subfield code="c">LH 83200 W832</subfield><subfield code="d">Standardleihe (01)</subfield><subfield code="e">Verfügbar (X)</subfield></datafield></record>