
<record><leader>03123nam a2200000uu 4500</leader><controlfield tag="001">42054664</controlfield><controlfield tag="003">DE-Frei129</controlfield><controlfield tag="005">20220811084012.0</controlfield><controlfield tag="007">tu</controlfield><controlfield tag="008">160125s2010    ||||||||||||||||||||ger||</controlfield><datafield tag="024" ind1="3" ind2=" "><subfield code="a">4260179510373</subfield></datafield><datafield tag="035" ind1=" " ind2=" "><subfield code="a">(DE-576)1618233130</subfield></datafield><datafield tag="040" ind1=" " ind2=" "><subfield code="e">rda</subfield></datafield><datafield tag="041" ind1=" " ind2=" "><subfield code="a">ger</subfield></datafield><datafield tag="100" ind1="1" ind2=" "><subfield code="a">Brandt, Susanne</subfield><subfield code="0">(DE-Frei129)58045293</subfield></datafield><datafield tag="245" ind1="1" ind2="0"><subfield code="a">Jesus wird geboren</subfield><subfield code="b">mit vollständiger Textvorlage</subfield><subfield code="c">Text: Susanne Brandt / Klaus-Uwe Nommensen ; Illustration: Petra Lefin</subfield></datafield><datafield tag="264" ind1=" " ind2="4"><subfield code="a">München</subfield><subfield code="b">Don Bosco ; Verlag Junge Gemeinde</subfield><subfield code="c">[2010]</subfield></datafield><datafield tag="264" ind1=" " ind2="4"><subfield code="c">© 2010</subfield></datafield><datafield tag="300" ind1=" " ind2=" "><subfield code="a">12 Bildkarten</subfield></datafield><datafield tag="336" ind1=" " ind2=" "><subfield code="a">unmoving picture</subfield><subfield code="b">sti</subfield><subfield code="2">rdacontent</subfield></datafield><datafield tag="337" ind1=" " ind2=" "><subfield code="a">unmediated</subfield><subfield code="b">n</subfield><subfield code="2">rdamedia</subfield></datafield><datafield tag="338" ind1=" " ind2=" "><subfield code="a">card(s)</subfield><subfield code="b">no</subfield><subfield code="2">rdacarrier</subfield></datafield><datafield tag="490" ind1="0" ind2=" "><subfield code="a">Bildkarten für unser Erzähltheater</subfield></datafield><datafield tag="500" ind1=" " ind2=" "><subfield code="a">Archivierung prüfen</subfield></datafield><datafield tag="700" ind1="1" ind2=" "><subfield code="0">(DE-588)13082643X</subfield><subfield code="0">(DE-Frei129)31001371</subfield><subfield code="a">Lefin, Petra</subfield><subfield code="4">ill</subfield></datafield><datafield tag="700" ind1="1" ind2=" "><subfield code="0">(DE-588)123715946</subfield><subfield code="0">(DE-Frei129)00893477</subfield><subfield code="a">Nommensen, Klaus-Uwe</subfield><subfield code="4">aut</subfield></datafield><datafield tag="852" ind1=" " ind2=" "><subfield code="a">Frei 129</subfield><subfield code="b">PHFR</subfield><subfield code="c">BU 4900 B821 W7</subfield></datafield><datafield tag="980" ind1="0" ind2=" "><subfield code="a">00389656</subfield><subfield code="9">(PHFR)</subfield><subfield code="b">Handbibliothek (50)</subfield><subfield code="c">Theo U 910: 30</subfield><subfield code="d">Handbibliothek - nie verleihbar (54)</subfield><subfield code="e">Verfügbar (X)</subfield></datafield></record>