
<record><leader>03234nam a2200000uu 4500</leader><controlfield tag="001">42054205</controlfield><controlfield tag="003">DE-Frei129</controlfield><controlfield tag="005">20220811084012.0</controlfield><controlfield tag="007">tu</controlfield><controlfield tag="008">151217s2010    ||||||||||||||||||||eng||</controlfield><datafield tag="020" ind1=" " ind2=" "><subfield code="a">9781858564500</subfield><subfield code="9">9781858564500</subfield><subfield code="c">(pbk.) £18.99</subfield></datafield><datafield tag="020" ind1=" " ind2=" "><subfield code="a">1858564506</subfield><subfield code="9">1858564506</subfield><subfield code="c">(pbk.) £18.99</subfield></datafield><datafield tag="024" ind1="3" ind2=" "><subfield code="a">9781858564500</subfield></datafield><datafield tag="035" ind1=" " ind2=" "><subfield code="a">(DE-576)1617847933</subfield></datafield><datafield tag="040" ind1=" " ind2=" "><subfield code="e">rda</subfield></datafield><datafield tag="041" ind1=" " ind2=" "><subfield code="a">eng</subfield></datafield><datafield tag="100" ind1="1" ind2=" "><subfield code="a">Reason, Matthew</subfield><subfield code="0">(DE-Frei129)01154662</subfield><subfield code="0">(DE-588)132112159</subfield><subfield code="4">aut</subfield></datafield><datafield tag="245" ind1="1" ind2="4"><subfield code="a">The young audience</subfield><subfield code="b">exploring and enhancing children&apos;s experiences of theatre</subfield><subfield code="c">Matthew Reason</subfield></datafield><datafield tag="264" ind1=" " ind2="4"><subfield code="a">Stoke on Trent</subfield><subfield code="b">Trentham Books</subfield><subfield code="c">© 2010</subfield></datafield><datafield tag="300" ind1=" " ind2=" "><subfield code="a">xiii, 180 Seiten</subfield><subfield code="b">Illustrationen</subfield><subfield code="c">25 cm</subfield></datafield><datafield tag="336" ind1=" " ind2=" "><subfield code="a">text</subfield><subfield code="b">txt</subfield><subfield code="2">rdacontent</subfield></datafield><datafield tag="337" ind1=" " ind2=" "><subfield code="a">unmediated</subfield><subfield code="b">n</subfield><subfield code="2">rdamedia</subfield></datafield><datafield tag="338" ind1=" " ind2=" "><subfield code="a">volume</subfield><subfield code="b">nc</subfield><subfield code="2">rdacarrier</subfield></datafield><datafield tag="500" ind1=" " ind2=" "><subfield code="a">Literaturverzeichnis</subfield></datafield><datafield tag="776" ind1="0" ind2="8"><subfield code="a">Matthew Reason</subfield><subfield code="i">Erscheint auch als Online-Ausgabe</subfield><subfield code="t">The young audience</subfield><subfield code="w">(DE-Frei129)03535829</subfield><subfield code="w">(DE-576)838898459</subfield></datafield><datafield tag="852" ind1=" " ind2=" "><subfield code="a">Frei 129</subfield><subfield code="b">PHFR</subfield><subfield code="c">AP 77300 R288</subfield></datafield><datafield tag="980" ind1="0" ind2=" "><subfield code="a">00387518</subfield><subfield code="9">(PHFR)</subfield><subfield code="b">Handbibliothek (50)</subfield><subfield code="c">Deu N 900: 345</subfield><subfield code="d">Handbibliothek - nie verleihbar (54)</subfield><subfield code="e">Verfügbar (X)</subfield></datafield></record>