
<record><leader>02483nam a2200000uuc4500</leader><controlfield tag="001">42053569</controlfield><controlfield tag="003">DE-Frei129</controlfield><controlfield tag="005">20220811084012.0</controlfield><controlfield tag="007">tu</controlfield><controlfield tag="008">151119s2010    ||||||||||||||||||||eng||</controlfield><datafield tag="020" ind1=" " ind2=" "><subfield code="a">9783853131299</subfield><subfield code="9">9783853131299</subfield></datafield><datafield tag="035" ind1=" " ind2=" "><subfield code="a">(DE-576)1522165606</subfield></datafield><datafield tag="040" ind1=" " ind2=" "><subfield code="e">rda</subfield></datafield><datafield tag="041" ind1=" " ind2=" "><subfield code="a">eng</subfield></datafield><datafield tag="245" ind1="1" ind2="0"><subfield code="a">The European Space Agency school atlas</subfield><subfield code="b">geography from space</subfield><subfield code="n">Teacher&apos;s handbook</subfield><subfield code="c">Lothar Beckel (ed.)</subfield></datafield><datafield tag="250" ind1=" " ind2=" "><subfield code="a">2. edition</subfield></datafield><datafield tag="264" ind1=" " ind2="4"><subfield code="a">Salzburg</subfield><subfield code="b">Geospace GmbH</subfield><subfield code="c">2010</subfield></datafield><datafield tag="300" ind1=" " ind2=" "><subfield code="a">206 Seiten</subfield></datafield><datafield tag="336" ind1=" " ind2=" "><subfield code="a">text</subfield><subfield code="b">txt</subfield><subfield code="2">rdacontent</subfield></datafield><datafield tag="337" ind1=" " ind2=" "><subfield code="a">unmediated</subfield><subfield code="b">n</subfield><subfield code="2">rdamedia</subfield></datafield><datafield tag="338" ind1=" " ind2=" "><subfield code="a">volume</subfield><subfield code="b">nc</subfield><subfield code="2">rdacarrier</subfield></datafield><datafield tag="773" ind1="0" ind2="8"><subfield code="w">(DE-Frei129)42053657</subfield><subfield code="q">Teacher&apos;s handbook</subfield></datafield><datafield tag="852" ind1=" " ind2=" "><subfield code="a">Frei 129</subfield><subfield code="b">PHFR</subfield><subfield code="c">RB 10226 E89 L (2)</subfield></datafield><datafield tag="980" ind1="0" ind2=" "><subfield code="a">00385285</subfield><subfield code="9">(PHFR)</subfield><subfield code="b">Handbibliothek (50)</subfield><subfield code="c">Geo P 900: 98 L</subfield><subfield code="d">Handbibliothek - nie verleihbar (54)</subfield><subfield code="e">Verfügbar (X)</subfield></datafield></record>