
<record><leader>04675nam a2200000uu 4500</leader><controlfield tag="001">42053062</controlfield><controlfield tag="003">DE-Frei129</controlfield><controlfield tag="005">20220811084012.0</controlfield><controlfield tag="007">tu</controlfield><controlfield tag="008">151016s2010    ||||||||||||||||||||eng||</controlfield><datafield tag="020" ind1=" " ind2=" "><subfield code="a">9781926715049</subfield><subfield code="9">978-1-9267150-4-9</subfield></datafield><datafield tag="035" ind1=" " ind2=" "><subfield code="a">(DE-576)1616890975</subfield></datafield><datafield tag="040" ind1=" " ind2=" "><subfield code="e">rda</subfield></datafield><datafield tag="041" ind1=" " ind2=" "><subfield code="a">eng</subfield></datafield><datafield tag="044" ind1=" " ind2=" "><subfield code="c">XD-US</subfield></datafield><datafield tag="100" ind1="1" ind2=" "><subfield code="a">Haule, John R.</subfield><subfield code="0">(DE-Frei129)42003039</subfield><subfield code="0">(DE-588)142794953</subfield><subfield code="4">aut</subfield></datafield><datafield tag="245" ind1="1" ind2="0"><subfield code="a">Divine madness</subfield><subfield code="b">archetypes of romantic love</subfield><subfield code="c">John R. Haule</subfield></datafield><datafield tag="250" ind1=" " ind2=" "><subfield code="a">Revised edition</subfield></datafield><datafield tag="264" ind1=" " ind2="4"><subfield code="a">[Skiatook, Okla.]</subfield><subfield code="b">Fisher King Press</subfield><subfield code="c">[2010]</subfield></datafield><datafield tag="300" ind1=" " ind2=" "><subfield code="a">x, 280 Seiten</subfield></datafield><datafield tag="336" ind1=" " ind2=" "><subfield code="a">text</subfield><subfield code="b">txt</subfield><subfield code="2">rdacontent</subfield></datafield><datafield tag="337" ind1=" " ind2=" "><subfield code="a">unmediated</subfield><subfield code="b">n</subfield><subfield code="2">rdamedia</subfield></datafield><datafield tag="338" ind1=" " ind2=" "><subfield code="a">volume</subfield><subfield code="b">nc</subfield><subfield code="2">rdacarrier</subfield></datafield><datafield tag="650" ind1=" " ind2="7"><subfield code="a">Romantische Liebe</subfield><subfield code="0">(DE-Frei129)00078925</subfield><subfield code="0">(DE-588)4236084-5</subfield><subfield code="2">gnd</subfield></datafield><datafield tag="650" ind1=" " ind2="7"><subfield code="a">Archetypus</subfield><subfield code="0">(DE-Frei129)00046997</subfield><subfield code="0">(DE-588)4132252-6</subfield><subfield code="2">gnd</subfield></datafield><datafield tag="650" ind1=" " ind2="7"><subfield code="a">Mythos</subfield><subfield code="0">(DE-Frei129)00007010</subfield><subfield code="0">(DE-588)4075159-4</subfield><subfield code="2">gnd</subfield></datafield><datafield tag="650" ind1=" " ind2="7"><subfield code="a">Mystische Erfahrung</subfield><subfield code="0">(DE-Frei129)00191501</subfield><subfield code="0">(DE-588)4196125-0</subfield><subfield code="2">gnd</subfield></datafield><datafield tag="689" ind1="0" ind2="0"><subfield code="0">(DE-588)4236084-5</subfield><subfield code="D">s</subfield><subfield code="a">Romantische Liebe </subfield></datafield><datafield tag="689" ind1="0" ind2="1"><subfield code="0">(DE-588)4132252-6</subfield><subfield code="D">s</subfield><subfield code="a">Archetypus </subfield></datafield><datafield tag="689" ind1="0" ind2="2"><subfield code="0">(DE-588)4075159-4</subfield><subfield code="D">s</subfield><subfield code="a">Mythos</subfield><subfield code="5">DE-101</subfield></datafield><datafield tag="689" ind1="1" ind2="0"><subfield code="0">(DE-588)4236084-5</subfield><subfield code="D">s</subfield><subfield code="a">Romantische Liebe </subfield></datafield><datafield tag="689" ind1="1" ind2="1"><subfield code="0">(DE-588)4196125-0</subfield><subfield code="D">s</subfield><subfield code="a">Mystische Erfahrung</subfield><subfield code="5">DE-101</subfield></datafield><datafield tag="852" ind1=" " ind2=" "><subfield code="a">Frei 129</subfield><subfield code="b">PHFR</subfield><subfield code="c">EC 5410 H372</subfield></datafield><datafield tag="856" ind1="4" ind2=" "><subfield code="8">00</subfield><subfield code="u">http://digitale-objekte.hbz-nrw.de/webclient/DeliveryManager?pid=5846271&amp;custom_att_2=simple_viewer</subfield><subfield code="y">Inhaltsverzeichnis</subfield></datafield><datafield tag="980" ind1="0" ind2=" "><subfield code="a">00382573</subfield><subfield code="9">(PHFR)</subfield><subfield code="b">1. OG Semesterapparat (40)</subfield><subfield code="c">EC 5410 H372</subfield><subfield code="d">Präsenzbestand II (51)</subfield><subfield code="e">Verfügbar (X)</subfield></datafield></record>