
<record><leader>03509nam a2200000uu 4500</leader><controlfield tag="001">42052871</controlfield><controlfield tag="003">DE-Frei129</controlfield><controlfield tag="005">20220811084012.0</controlfield><controlfield tag="007">tu</controlfield><controlfield tag="008">151109s2010    ||||||||||||||||||||eng||</controlfield><datafield tag="020" ind1=" " ind2=" "><subfield code="a">9780143118695</subfield><subfield code="9">9780143118695</subfield></datafield><datafield tag="020" ind1=" " ind2=" "><subfield code="a">9780670021260</subfield><subfield code="9">9780670021260</subfield></datafield><datafield tag="035" ind1=" " ind2=" "><subfield code="a">(DE-576)1616730897</subfield></datafield><datafield tag="040" ind1=" " ind2=" "><subfield code="e">rda</subfield></datafield><datafield tag="041" ind1=" " ind2=" "><subfield code="a">eng</subfield></datafield><datafield tag="044" ind1=" " ind2=" "><subfield code="c">XD-US</subfield></datafield><datafield tag="100" ind1="1" ind2=" "><subfield code="a">MacCulloch, Diarmaid</subfield><subfield code="0">(DE-Frei129)00071219</subfield><subfield code="0">(DE-588)120585979</subfield><subfield code="4">aut</subfield></datafield><datafield tag="245" ind1="1" ind2="0"><subfield code="a">Christianity</subfield><subfield code="b">the first three thousand years</subfield><subfield code="c">Diarmaid MacCulloch</subfield></datafield><datafield tag="250" ind1=" " ind2=" "><subfield code="a">First American edition</subfield></datafield><datafield tag="264" ind1=" " ind2="4"><subfield code="a">New York, NY</subfield><subfield code="b">Viking</subfield><subfield code="c">2010</subfield></datafield><datafield tag="300" ind1=" " ind2=" "><subfield code="a">xxvii, 1161 Seiten</subfield><subfield code="b">Illustrationen, Karten</subfield></datafield><datafield tag="336" ind1=" " ind2=" "><subfield code="a">text</subfield><subfield code="b">txt</subfield><subfield code="2">rdacontent</subfield></datafield><datafield tag="337" ind1=" " ind2=" "><subfield code="a">unmediated</subfield><subfield code="b">n</subfield><subfield code="2">rdamedia</subfield></datafield><datafield tag="338" ind1=" " ind2=" "><subfield code="a">volume</subfield><subfield code="b">nc</subfield><subfield code="2">rdacarrier</subfield></datafield><datafield tag="648" ind1=" " ind2="7"><subfield code="a">Kirchengeschichte</subfield><subfield code="0">(DE-Frei129)00000462</subfield><subfield code="2">local</subfield></datafield><datafield tag="650" ind1=" " ind2="7"><subfield code="a">Christentum</subfield><subfield code="0">(DE-Frei129)00005035</subfield><subfield code="0">(DE-588)4010074-1</subfield><subfield code="2">gnd</subfield></datafield><datafield tag="689" ind1="0" ind2="0"><subfield code="0">(DE-588)4010074-1</subfield><subfield code="D">s</subfield><subfield code="a">Christentum </subfield></datafield><datafield tag="689" ind1="0" ind2="1"><subfield code="A">s</subfield><subfield code="a">Kirchengeschichte</subfield><subfield code="5">DE-101</subfield></datafield><datafield tag="852" ind1=" " ind2=" "><subfield code="a">Frei 129</subfield><subfield code="b">PHFR</subfield><subfield code="c">BO 1215 M133</subfield></datafield><datafield tag="980" ind1="0" ind2=" "><subfield code="a">00382625</subfield><subfield code="9">(PHFR)</subfield><subfield code="b">1. OG Semesterapparat (40)</subfield><subfield code="c">Theo G 5: 63</subfield><subfield code="d">Präsenzbestand II (51)</subfield><subfield code="e">Verfügbar (X)</subfield></datafield></record>