
<record><leader>03143nam a2200000uu 4500</leader><controlfield tag="001">42052649</controlfield><controlfield tag="003">DE-Frei129</controlfield><controlfield tag="005">20220811084012.0</controlfield><controlfield tag="007">tu</controlfield><controlfield tag="008">140813s2010    ||||||||||||||||||||ger||</controlfield><datafield tag="020" ind1=" " ind2=" "><subfield code="a">9793487119526</subfield><subfield code="9">979-3-4871-1952-6</subfield></datafield><datafield tag="035" ind1=" " ind2=" "><subfield code="a">(DE-576)148109131X</subfield></datafield><datafield tag="041" ind1=" " ind2=" "><subfield code="a">ger</subfield></datafield><datafield tag="100" ind1="1" ind2=" "><subfield code="a">Gruhn, Wilfried</subfield><subfield code="0">(DE-Frei129)00019991</subfield><subfield code="0">(DE-588)124927785</subfield><subfield code="4">aut</subfield></datafield><datafield tag="245" ind1="1" ind2="0"><subfield code="a">Lernziel Musik</subfield><subfield code="b">Perspektiven einer neuen theoretischen Grundlegung des Musikunterrichts</subfield><subfield code="c">Wilfried Gruhn</subfield></datafield><datafield tag="250" ind1=" " ind2=" "><subfield code="a">2. Aufl.</subfield></datafield><datafield tag="260" ind1="3" ind2=" "><subfield code="a">Hildesheim; Zürich [u.a.]</subfield><subfield code="b">Olms</subfield><subfield code="c">2010</subfield></datafield><datafield tag="300" ind1=" " ind2=" "><subfield code="a">152  Seiten</subfield><subfield code="b">graph. Darst.</subfield></datafield><datafield tag="490" ind1="1" ind2=" "><subfield code="a">Olms-Forum </subfield><subfield code="v">5</subfield></datafield><datafield tag="650" ind1=" " ind2="7"><subfield code="a">Musikerziehung</subfield><subfield code="0">(DE-Frei129)00012027</subfield><subfield code="0">(DE-588)4040843-7</subfield><subfield code="2">gnd</subfield></datafield><datafield tag="650" ind1=" " ind2="7"><subfield code="a">Unterricht</subfield><subfield code="0">(DE-Frei129)00001741</subfield><subfield code="0">(DE-588)4062005-0</subfield><subfield code="2">gnd</subfield></datafield><datafield tag="689" ind1="0" ind2="0"><subfield code="0">(DE-588)4040843-7</subfield><subfield code="D">s</subfield><subfield code="a">Musikerziehung </subfield></datafield><datafield tag="689" ind1="0" ind2="1"><subfield code="0">(DE-588)4062005-0</subfield><subfield code="D">s</subfield><subfield code="a">Unterricht</subfield><subfield code="5">DE-101</subfield></datafield><datafield tag="830" ind1=" " ind2="0"><subfield code="a">Olms-Forum</subfield><subfield code="v">5</subfield><subfield code="w">(DE-Frei129)00198911</subfield><subfield code="9">15</subfield></datafield><datafield tag="852" ind1=" " ind2=" "><subfield code="a">Frei 129</subfield><subfield code="b">PHFR</subfield><subfield code="c">LR 56940 G886 (2)</subfield></datafield><datafield tag="980" ind1="0" ind2=" "><subfield code="a">00381838</subfield><subfield code="9">(PHFR)</subfield><subfield code="b">3.OG (37)</subfield><subfield code="c">LR 56940 G886 (2)</subfield><subfield code="d">Standardleihe (01)</subfield><subfield code="e">Verfügbar (X)</subfield></datafield></record>