
<record><leader>06359nam a2200000uu 4500</leader><controlfield tag="001">42052467</controlfield><controlfield tag="003">DE-Frei129</controlfield><controlfield tag="005">20220811084012.0</controlfield><controlfield tag="007">tu</controlfield><controlfield tag="008">100309s2010    ||||||||||||||||||||eng||</controlfield><datafield tag="020" ind1=" " ind2=" "><subfield code="a">9780061490194</subfield><subfield code="9">978-0-06-149019-4</subfield><subfield code="c">alk. paper</subfield></datafield><datafield tag="024" ind1="3" ind2=" "><subfield code="a">9780061490194</subfield></datafield><datafield tag="035" ind1=" " ind2=" "><subfield code="a">(DE-576)1601982259</subfield></datafield><datafield tag="041" ind1=" " ind2=" "><subfield code="a">eng</subfield></datafield><datafield tag="044" ind1=" " ind2=" "><subfield code="c">XD-US</subfield></datafield><datafield tag="100" ind1="1" ind2=" "><subfield code="a">Chabon, Michael</subfield><subfield code="0">(DE-Frei129)00074348</subfield><subfield code="0">(DE-588)120518252</subfield><subfield code="4">aut</subfield></datafield><datafield tag="245" ind1="1" ind2="0"><subfield code="a">Manhood for amateurs</subfield><subfield code="b">the pleasures and regrets of a husband, father, and son</subfield><subfield code="c">Michael Chabon</subfield></datafield><datafield tag="250" ind1=" " ind2=" "><subfield code="a">1. ed.</subfield></datafield><datafield tag="260" ind1="3" ind2=" "><subfield code="a">New York, NY [u.a. ]</subfield><subfield code="b">Harper Perennial</subfield><subfield code="c">2010</subfield></datafield><datafield tag="300" ind1=" " ind2=" "><subfield code="a">X, 306, 16  Seiten</subfield></datafield><datafield tag="500" ind1=" " ind2=" "><subfield code="a">5090: ddsu/sred</subfield></datafield><datafield tag="650" ind1=" " ind2="7"><subfield code="a">Chabon, Michael</subfield><subfield code="x">Marriage</subfield><subfield code="0">(DE-Frei129)02023940</subfield><subfield code="2">local</subfield></datafield><datafield tag="650" ind1=" " ind2="7"><subfield code="a">Chabon, Michael</subfield><subfield code="x">Family</subfield><subfield code="0">(DE-Frei129)02023941</subfield><subfield code="2">local</subfield></datafield><datafield tag="650" ind1=" " ind2="7"><subfield code="a">Men</subfield><subfield code="x">Biography</subfield><subfield code="x">United States</subfield><subfield code="0">(DE-Frei129)02023942</subfield><subfield code="2">local</subfield></datafield><datafield tag="650" ind1=" " ind2="7"><subfield code="a">Husbands</subfield><subfield code="x">Biography</subfield><subfield code="x">United States</subfield><subfield code="0">(DE-Frei129)02023943</subfield><subfield code="2">local</subfield></datafield><datafield tag="650" ind1=" " ind2="7"><subfield code="a">Fathers</subfield><subfield code="x">Biography</subfield><subfield code="x">United States</subfield><subfield code="0">(DE-Frei129)02023944</subfield><subfield code="2">local</subfield></datafield><datafield tag="650" ind1=" " ind2="7"><subfield code="a">Sons</subfield><subfield code="x">Biography</subfield><subfield code="x">United States</subfield><subfield code="0">(DE-Frei129)02023945</subfield><subfield code="2">local</subfield></datafield><datafield tag="650" ind1=" " ind2="7"><subfield code="a">Marriage</subfield><subfield code="x">United States</subfield><subfield code="0">(DE-Frei129)01886141</subfield><subfield code="2">local</subfield></datafield><datafield tag="650" ind1=" " ind2="7"><subfield code="a">Fatherhood</subfield><subfield code="x">United States</subfield><subfield code="0">(DE-Frei129)01829409</subfield><subfield code="2">local</subfield></datafield><datafield tag="650" ind1=" " ind2="7"><subfield code="a">Masculinity</subfield><subfield code="x">United States</subfield><subfield code="0">(DE-Frei129)01860261</subfield><subfield code="2">local</subfield></datafield><datafield tag="650" ind1=" " ind2="7"><subfield code="a">Authors, American</subfield><subfield code="x">Biography</subfield><subfield code="0">(DE-Frei129)02023946</subfield><subfield code="2">local</subfield></datafield><datafield tag="689" ind1="0" ind2="0"><subfield code="A">s</subfield><subfield code="a">Chabon, Michael / Marriage</subfield><subfield code="5">DE-101</subfield></datafield><datafield tag="689" ind1="1" ind2="0"><subfield code="A">s</subfield><subfield code="a">Chabon, Michael / Family</subfield><subfield code="5">DE-101</subfield></datafield><datafield tag="689" ind1="2" ind2="0"><subfield code="A">s</subfield><subfield code="a">Men / Biography / United States</subfield><subfield code="5">DE-101</subfield></datafield><datafield tag="689" ind1="3" ind2="0"><subfield code="A">s</subfield><subfield code="a">Husbands / Biography / United States</subfield><subfield code="5">DE-101</subfield></datafield><datafield tag="689" ind1="4" ind2="0"><subfield code="A">s</subfield><subfield code="a">Fathers / Biography / United States</subfield><subfield code="5">DE-101</subfield></datafield><datafield tag="689" ind1="5" ind2="0"><subfield code="A">s</subfield><subfield code="a">Sons / Biography / United States</subfield><subfield code="5">DE-101</subfield></datafield><datafield tag="689" ind1="6" ind2="0"><subfield code="A">s</subfield><subfield code="a">Marriage / United States</subfield><subfield code="5">DE-101</subfield></datafield><datafield tag="689" ind1="7" ind2="0"><subfield code="A">s</subfield><subfield code="a">Fatherhood / United States</subfield><subfield code="5">DE-101</subfield></datafield><datafield tag="689" ind1="8" ind2="0"><subfield code="A">s</subfield><subfield code="a">Masculinity / United States</subfield><subfield code="5">DE-101</subfield></datafield><datafield tag="689" ind1="9" ind2="0"><subfield code="A">s</subfield><subfield code="a">Authors, American / Biography</subfield><subfield code="5">DE-101</subfield></datafield><datafield tag="852" ind1=" " ind2=" "><subfield code="a">Frei 129</subfield><subfield code="b">PHFR</subfield><subfield code="c">HU 9800 C428 M2</subfield></datafield><datafield tag="980" ind1="0" ind2=" "><subfield code="a">00381380</subfield><subfield code="9">(PHFR)</subfield><subfield code="b">2.OG (35)</subfield><subfield code="c">HU 9800 C428 M2</subfield><subfield code="d">Standardleihe (01)</subfield><subfield code="e">Verfügbar (X)</subfield></datafield></record>