
<record><leader>02858nam a2200000uu 4500</leader><controlfield tag="001">42052247</controlfield><controlfield tag="003">DE-Frei129</controlfield><controlfield tag="005">20220811084012.0</controlfield><controlfield tag="007">tu</controlfield><controlfield tag="008">120927s2010    ||||||||||||||||||||ger||</controlfield><datafield tag="015" ind1=" " ind2=" "><subfield code="a">10,N51</subfield></datafield><datafield tag="016" ind1="7" ind2=" "><subfield code="a">1008890847</subfield><subfield code="2">DE-101</subfield></datafield><datafield tag="020" ind1=" " ind2=" "><subfield code="a">9783868941241</subfield><subfield code="9">9783868941241</subfield><subfield code="c">Pb. : EUR 49.95 (DE), EUR 51.40 (AT), sfr 83.50 (freier Pr.)</subfield></datafield><datafield tag="024" ind1="3" ind2=" "><subfield code="a">9783868941241</subfield></datafield><datafield tag="035" ind1=" " ind2=" "><subfield code="a">(DE-576)161894651X</subfield></datafield><datafield tag="041" ind1=" " ind2=" "><subfield code="a">ger</subfield></datafield><datafield tag="044" ind1=" " ind2=" "><subfield code="c">XA-DE-BY</subfield></datafield><datafield tag="100" ind1="1" ind2=" "><subfield code="a">Moyes, Cristopher D.</subfield><subfield code="0">(DE-Frei129)58298907</subfield></datafield><datafield tag="245" ind1="1" ind2="0"><subfield code="a">Tierphysiologie - Bafög-Ausgabe</subfield><subfield code="c">Cristopher D. Moyes</subfield></datafield><datafield tag="250" ind1=" " ind2=" "><subfield code="a">1., neue Ausg.</subfield></datafield><datafield tag="260" ind1="3" ind2=" "><subfield code="a">München</subfield><subfield code="b">Pearson Studium ein Imprint der Pearson Education</subfield><subfield code="c">2010</subfield></datafield><datafield tag="300" ind1=" " ind2=" "><subfield code="a">800 Seiten</subfield></datafield><datafield tag="490" ind1="0" ind2=" "><subfield code="a">Pearson Studium - Biologie</subfield></datafield><datafield tag="852" ind1=" " ind2=" "><subfield code="a">Frei 129</subfield><subfield code="b">PHFR</subfield><subfield code="c">Bio D 130: 14</subfield></datafield><datafield tag="856" ind1="4" ind2=" "><subfield code="8">00</subfield><subfield code="u">http://deposit.d-nb.de/cgi-bin/dokserv?id=3628710&amp;prov=M&amp;dok_var=1&amp;dok_ext=htm</subfield><subfield code="y">Inhaltstext</subfield></datafield><datafield tag="856" ind1="4" ind2=" "><subfield code="8">01</subfield><subfield code="u">http://swbplus.bsz-bw.de/bsz371686660cov.htm</subfield><subfield code="y">Verlagsinformation</subfield></datafield><datafield tag="980" ind1="0" ind2=" "><subfield code="a">00380347</subfield><subfield code="9">(PHFR)</subfield><subfield code="b">UG (33)</subfield><subfield code="c">Bio D 130: 14 a</subfield><subfield code="d">Standardleihe (01)</subfield><subfield code="e">Verfügbar (X)</subfield></datafield></record>