
<record><leader>02258nam a2200000uuc4500</leader><controlfield tag="001">42051737</controlfield><controlfield tag="003">DE-Frei129</controlfield><controlfield tag="005">20220811084012.0</controlfield><controlfield tag="007">tu</controlfield><controlfield tag="008">151006s2010    ||||||||||||||||||||ger||</controlfield><datafield tag="015" ind1=" " ind2=" "><subfield code="a">10,A21</subfield></datafield><datafield tag="016" ind1="7" ind2=" "><subfield code="a">999377752</subfield><subfield code="2">DE-101</subfield></datafield><datafield tag="020" ind1=" " ind2=" "><subfield code="a">9783867401708</subfield><subfield code="9">9783867401708</subfield><subfield code="c">geh. : EUR 19.90</subfield></datafield><datafield tag="024" ind1="3" ind2=" "><subfield code="a">9783867401708</subfield></datafield><datafield tag="035" ind1=" " ind2=" "><subfield code="a">(DE-576)161582751X</subfield></datafield><datafield tag="041" ind1=" " ind2=" "><subfield code="a">ger</subfield><subfield code="a">eng</subfield></datafield><datafield tag="245" ind1="1" ind2="0"><subfield code="a">Let&apos;s get started!</subfield><subfield code="b">lehrwerkunabhängiges Übungs- und Fördermaterial</subfield><subfield code="n">2</subfield><subfield code="c">Maureen Berndt; Nicole Hitschler</subfield></datafield><datafield tag="260" ind1="3" ind2=" "><subfield code="a">Kempen</subfield><subfield code="b">BVK, Buch-Verl. Kempen</subfield><subfield code="c">2010</subfield></datafield><datafield tag="300" ind1=" " ind2=" "><subfield code="a">52 Seiten</subfield><subfield code="b">zahlr. Ill., Noten</subfield><subfield code="c">30 cm</subfield></datafield><datafield tag="773" ind1="0" ind2="8"><subfield code="w">(DE-Frei129)42051950</subfield><subfield code="q">12</subfield></datafield><datafield tag="852" ind1=" " ind2=" "><subfield code="a">Frei 129</subfield><subfield code="b">PHFR</subfield><subfield code="c">HD 162 B524 -2</subfield></datafield><datafield tag="980" ind1="0" ind2=" "><subfield code="a">00378396</subfield><subfield code="9">(PHFR)</subfield><subfield code="b">2.OG (35)</subfield><subfield code="c">HD 162 B524 -2</subfield><subfield code="d">Standardleihe (01)</subfield><subfield code="e">Verfügbar (X)</subfield></datafield></record>