
<record><leader>03372nam a2200000uu 4500</leader><controlfield tag="001">42051730</controlfield><controlfield tag="003">DE-Frei129</controlfield><controlfield tag="005">20220811084012.0</controlfield><controlfield tag="007">tu</controlfield><controlfield tag="008">130408s2010    ||||||||||||||||||||eng||</controlfield><datafield tag="020" ind1=" " ind2=" "><subfield code="a">9781462506477</subfield><subfield code="9">978-1-462-50647-7</subfield><subfield code="c">(pbk.) £33.95</subfield></datafield><datafield tag="020" ind1=" " ind2=" "><subfield code="a">146250647X</subfield><subfield code="9">1-462-50647-X</subfield><subfield code="c">(pbk.) £33.95</subfield></datafield><datafield tag="035" ind1=" " ind2=" "><subfield code="a">(DE-576)1602508984</subfield></datafield><datafield tag="041" ind1=" " ind2=" "><subfield code="a">eng</subfield></datafield><datafield tag="044" ind1=" " ind2=" "><subfield code="c">XD-US</subfield></datafield><datafield tag="245" ind1="1" ind2="0"><subfield code="a">Handbook of adult resilience</subfield><subfield code="c">edited by John W. Reich, Alex J. Zautra, John Stuart Hall</subfield></datafield><datafield tag="260" ind1="3" ind2=" "><subfield code="a">New York ; London</subfield><subfield code="b">Guilford Publ.</subfield><subfield code="c">2010 2010</subfield></datafield><datafield tag="300" ind1=" " ind2=" "><subfield code="a">XIX, 540  Seiten</subfield><subfield code="c">26 cm</subfield></datafield><datafield tag="500" ind1=" " ind2=" "><subfield code="a">Includes bibliographical references and index</subfield></datafield><datafield tag="650" ind1=" " ind2="7"><subfield code="a">Resilience (Personality trait)</subfield><subfield code="0">(DE-Frei129)01748482</subfield><subfield code="2">local</subfield></datafield><datafield tag="650" ind1=" " ind2="7"><subfield code="a">Crisis management</subfield><subfield code="0">(DE-Frei129)00245585</subfield><subfield code="2">local</subfield></datafield><datafield tag="650" ind1=" " ind2="7"><subfield code="a">Community organization</subfield><subfield code="0">(DE-Frei129)00248500</subfield><subfield code="2">local</subfield></datafield><datafield tag="689" ind1="0" ind2="0"><subfield code="A">s</subfield><subfield code="a">Resilience (Personality trait)</subfield><subfield code="5">DE-101</subfield></datafield><datafield tag="689" ind1="1" ind2="0"><subfield code="A">s</subfield><subfield code="a">Crisis management</subfield><subfield code="5">DE-101</subfield></datafield><datafield tag="689" ind1="2" ind2="0"><subfield code="A">s</subfield><subfield code="a">Community organization</subfield><subfield code="5">DE-101</subfield></datafield><datafield tag="700" ind1="1" ind2=" "><subfield code="0">(DE-588)141913045</subfield><subfield code="0">(DE-Frei129)00853414</subfield><subfield code="a">Reich, John W.</subfield><subfield code="4">Hrsg.</subfield></datafield><datafield tag="852" ind1=" " ind2=" "><subfield code="a">Frei 129</subfield><subfield code="b">PHFR</subfield><subfield code="c">Psy K 50: 199</subfield></datafield><datafield tag="980" ind1="0" ind2=" "><subfield code="a">00378351</subfield><subfield code="9">(PHFR)</subfield><subfield code="b">EG-Anbau (32)</subfield><subfield code="c">Psy K 50: 199</subfield><subfield code="d">Standardleihe (01)</subfield><subfield code="e">Verfügbar (X)</subfield></datafield></record>