
<record><leader>02857nam a2200000uu 4500</leader><controlfield tag="001">42051228</controlfield><controlfield tag="003">DE-Frei129</controlfield><controlfield tag="005">20220811084012.0</controlfield><controlfield tag="007">tu</controlfield><controlfield tag="008">101130s2010    ||||||||||||||||||||ger||</controlfield><datafield tag="020" ind1=" " ind2=" "><subfield code="a">9783407798732</subfield><subfield code="9">9783407798732</subfield></datafield><datafield tag="035" ind1=" " ind2=" "><subfield code="a">(DE-576)1606697447</subfield></datafield><datafield tag="041" ind1=" " ind2=" "><subfield code="a">ger</subfield></datafield><datafield tag="245" ind1="1" ind2="0"><subfield code="a">Ich</subfield><subfield code="c">Philip Waechter</subfield></datafield><datafield tag="250" ind1=" " ind2=" "><subfield code="a">[Nachdr.]</subfield></datafield><datafield tag="260" ind1="3" ind2=" "><subfield code="a">Weinheim ; Basel</subfield><subfield code="b">Beltz &amp; Gelberg</subfield><subfield code="c">[20]10</subfield></datafield><datafield tag="300" ind1=" " ind2=" "><subfield code="a">[62] Seiten</subfield><subfield code="b">überw. Ill.</subfield></datafield><datafield tag="500" ind1=" " ind2=" "><subfield code="a">Archivierung/Langzeitarchivierung gewährleistet</subfield></datafield><datafield tag="650" ind1=" " ind2="7"><subfield code="a">Bär</subfield><subfield code="0">(DE-Frei129)00054778</subfield><subfield code="0">(DE-588)4194161-5</subfield><subfield code="2">gnd</subfield></datafield><datafield tag="650" ind1=" " ind2="7"><subfield code="a">Glück</subfield><subfield code="0">(DE-Frei129)00009949</subfield><subfield code="0">(DE-588)4021325-0</subfield><subfield code="2">gnd</subfield></datafield><datafield tag="689" ind1="0" ind2="0"><subfield code="0">(DE-588)4194161-5</subfield><subfield code="D">s</subfield><subfield code="a">Bär </subfield></datafield><datafield tag="689" ind1="0" ind2="1"><subfield code="0">(DE-588)4021325-0</subfield><subfield code="D">s</subfield><subfield code="a">Glück</subfield><subfield code="5">DE-101</subfield></datafield><datafield tag="700" ind1="1" ind2=" "><subfield code="0">(DE-588)122408853</subfield><subfield code="0">(DE-Frei129)00130689</subfield><subfield code="a">Waechter, Philip</subfield><subfield code="4">oth</subfield></datafield><datafield tag="852" ind1=" " ind2=" "><subfield code="a">Frei 129</subfield><subfield code="b">PHFR</subfield><subfield code="c">ED 5540 W126</subfield></datafield><datafield tag="980" ind1="0" ind2=" "><subfield code="a">00374971</subfield><subfield code="9">(PHFR)</subfield><subfield code="b">2.OG (35)</subfield><subfield code="c">ED 5540 W126</subfield><subfield code="d">Standardleihe (01)</subfield><subfield code="e">Verfügbar (X)</subfield><subfield code="x">DVD u.d. Signatur DVD 15/62</subfield></datafield></record>