
<record><leader>02778nam a2200000uuc4500</leader><controlfield tag="001">42050417</controlfield><controlfield tag="003">DE-Frei129</controlfield><controlfield tag="005">20220811084012.0</controlfield><controlfield tag="007">tu</controlfield><controlfield tag="008">150511s2010    ||||||||||||||||||||eng||</controlfield><datafield tag="015" ind1=" " ind2=" "><subfield code="a">10,N35</subfield></datafield><datafield tag="016" ind1="7" ind2=" "><subfield code="a">1006074546</subfield><subfield code="2">DE-101</subfield></datafield><datafield tag="020" ind1=" " ind2=" "><subfield code="a">9783526526070</subfield><subfield code="9">978-3-526-52607-0</subfield><subfield code="c">PB. : EUR 10.95, EUR 11.30 (AT), sfr 20.40 (freier Pr.)</subfield></datafield><datafield tag="020" ind1=" " ind2=" "><subfield code="a">9788853010223</subfield><subfield code="9">978-88-530-1022-3</subfield></datafield><datafield tag="024" ind1="3" ind2=" "><subfield code="a">9783526526070</subfield></datafield><datafield tag="035" ind1=" " ind2=" "><subfield code="a">(DE-576)1502721171</subfield></datafield><datafield tag="041" ind1=" " ind2=" "><subfield code="a">eng</subfield></datafield><datafield tag="044" ind1=" " ind2=" "><subfield code="c">XA-DE-BY</subfield></datafield><datafield tag="245" ind1="1" ind2="0"><subfield code="a">American horror</subfield><subfield code="b">[five terrifying tales]</subfield><subfield code="n">Buch</subfield><subfield code="c">Edgar Allan Poe. Adaption and activities by Kenneth Brodey</subfield></datafield><datafield tag="260" ind1="3" ind2=" "><subfield code="a">München</subfield><subfield code="a">[S.l.]</subfield><subfield code="b">Langenscheidt ELT GmbH</subfield><subfield code="b">Black Cat</subfield><subfield code="c">2010</subfield></datafield><datafield tag="300" ind1=" " ind2=" "><subfield code="a">111  Seiten</subfield><subfield code="b">zahlr. Ill.</subfield></datafield><datafield tag="773" ind1="0" ind2="8"><subfield code="w">(DE-Frei129)42050561</subfield><subfield code="q">BUCH</subfield></datafield><datafield tag="852" ind1=" " ind2=" "><subfield code="a">Frei 129</subfield><subfield code="b">PHFR</subfield><subfield code="c">HT 6553 A512 A2</subfield></datafield><datafield tag="856" ind1="4" ind2=" "><subfield code="8">00</subfield><subfield code="u">http://deposit.d-nb.de/cgi-bin/dokserv?id=3526527&amp;prov=M&amp;dok_var=1&amp;dok_ext=htm</subfield><subfield code="y">Inhaltstext</subfield></datafield><datafield tag="980" ind1="0" ind2=" "><subfield code="a">00372281</subfield><subfield code="9">(PHFR)</subfield><subfield code="b">2.OG (35)</subfield><subfield code="c">HT 6553 A512 A2</subfield><subfield code="d">Standardleihe (01)</subfield><subfield code="e">Verfügbar (X)</subfield></datafield></record>