
<record><leader>01849nam a2200000uuc4500</leader><controlfield tag="001">42049987</controlfield><controlfield tag="003">DE-Frei129</controlfield><controlfield tag="005">20220811084012.0</controlfield><controlfield tag="007">tu</controlfield><controlfield tag="008">101019s2010    ||||||||||||||||||||fre||</controlfield><datafield tag="035" ind1=" " ind2=" "><subfield code="a">(DE-576)1402211201</subfield></datafield><datafield tag="041" ind1=" " ind2=" "><subfield code="a">fre</subfield></datafield><datafield tag="245" ind1="1" ind2="0"><subfield code="a">A nous, le rock!</subfield><subfield code="b">A2+</subfield><subfield code="n">Buch</subfield><subfield code="c">Nathalie Karanfilovic; Cyril Skinazy</subfield></datafield><datafield tag="250" ind1=" " ind2=" "><subfield code="a">1. Aufl.</subfield></datafield><datafield tag="260" ind1="3" ind2=" "><subfield code="a">Stuttgart ; Leipzig</subfield><subfield code="b">Klett</subfield><subfield code="c">2010</subfield></datafield><datafield tag="300" ind1=" " ind2=" "><subfield code="a">40 Seiten</subfield><subfield code="b">Ill.</subfield></datafield><datafield tag="500" ind1=" " ind2=" "><subfield code="a">Archivierung/Langzeitarchivierung gewährleistet</subfield></datafield><datafield tag="773" ind1="0" ind2="8"><subfield code="w">(DE-Frei129)42049607</subfield><subfield code="q">BUCH</subfield></datafield><datafield tag="852" ind1=" " ind2=" "><subfield code="a">Frei 129</subfield><subfield code="b">PHFR</subfield><subfield code="c">ID 1592 K18</subfield></datafield><datafield tag="980" ind1="0" ind2=" "><subfield code="a">00369837</subfield><subfield code="9">(PHFR)</subfield><subfield code="b">2.OG (35)</subfield><subfield code="c">ID 1592 K18</subfield><subfield code="d">Standardleihe (01)</subfield><subfield code="e">Verfügbar (X)</subfield></datafield></record>