
<record><leader>02553nam a2200000uu 4500</leader><controlfield tag="001">42049622</controlfield><controlfield tag="003">DE-Frei129</controlfield><controlfield tag="005">20220811084013.0</controlfield><controlfield tag="007">tu</controlfield><controlfield tag="008">100831s2010    ||||||||||||||||||||fre||</controlfield><datafield tag="015" ind1=" " ind2=" "><subfield code="a">10,A34</subfield></datafield><datafield tag="016" ind1="7" ind2=" "><subfield code="a">1005575576</subfield><subfield code="2">DE-101</subfield></datafield><datafield tag="020" ind1=" " ind2=" "><subfield code="a">9783125230439</subfield><subfield code="9">9783125230439</subfield><subfield code="c">geh. : EUR 5.50, sfr 9.50 (freier Pr.)</subfield></datafield><datafield tag="024" ind1="3" ind2=" "><subfield code="a">9783125230439</subfield></datafield><datafield tag="035" ind1=" " ind2=" "><subfield code="a">(DE-576)1604922648</subfield></datafield><datafield tag="041" ind1=" " ind2=" "><subfield code="a">fre</subfield></datafield><datafield tag="044" ind1=" " ind2=" "><subfield code="c">XA-DE-BW</subfield></datafield><datafield tag="100" ind1="1" ind2=" "><subfield code="a">Darras, Isabelle</subfield><subfield code="0">(DE-Frei129)00420471</subfield><subfield code="0">(DE-588)129497649</subfield></datafield><datafield tag="245" ind1="1" ind2="0"><subfield code="a">Tout au bout des rêves</subfield><subfield code="c">Isabelle Darras</subfield></datafield><datafield tag="250" ind1=" " ind2=" "><subfield code="a">1. Aufl.</subfield></datafield><datafield tag="260" ind1="3" ind2=" "><subfield code="a">Stuttgart ; Leipzig</subfield><subfield code="b">Klett</subfield><subfield code="c">2010</subfield></datafield><datafield tag="300" ind1=" " ind2=" "><subfield code="a">80 Seiten</subfield><subfield code="c">20 cm</subfield></datafield><datafield tag="490" ind1="0" ind2=" "><subfield code="a">Lectures françaises. Lernjahr 3/5</subfield></datafield><datafield tag="500" ind1=" " ind2=" "><subfield code="a">Archivierung/Langzeitarchivierung gewährleistet</subfield></datafield><datafield tag="852" ind1=" " ind2=" "><subfield code="a">Frei 129</subfield><subfield code="b">PHFR</subfield><subfield code="c">ID 1592 D225 T7</subfield></datafield><datafield tag="980" ind1="0" ind2=" "><subfield code="a">00369852</subfield><subfield code="9">(PHFR)</subfield><subfield code="b">2.OG (35)</subfield><subfield code="c">ID 1592 D225 T7</subfield><subfield code="d">Standardleihe (01)</subfield><subfield code="e">Verfügbar (X)</subfield></datafield></record>