
<record><leader>02294nam a2200000uu 4500</leader><controlfield tag="001">42049618</controlfield><controlfield tag="003">DE-Frei129</controlfield><controlfield tag="005">20220811084013.0</controlfield><controlfield tag="007">tu</controlfield><controlfield tag="008">101019s2010    ||||||||||||||||||||fre||</controlfield><datafield tag="020" ind1=" " ind2=" "><subfield code="a">9783125244016</subfield><subfield code="9">9783125244016</subfield></datafield><datafield tag="024" ind1="3" ind2=" "><subfield code="a">9783125244016</subfield></datafield><datafield tag="035" ind1=" " ind2=" "><subfield code="a">(DE-576)1605898724</subfield></datafield><datafield tag="041" ind1=" " ind2=" "><subfield code="a">fre</subfield></datafield><datafield tag="100" ind1="1" ind2=" "><subfield code="a">Jambon, Krystelle</subfield><subfield code="0">(DE-Frei129)00263745</subfield></datafield><datafield tag="245" ind1="1" ind2="0"><subfield code="a">Diaporama d&apos;histoires</subfield><subfield code="c">Krystelle Jambon; Wolfgang Schmidt</subfield></datafield><datafield tag="250" ind1=" " ind2=" "><subfield code="a">1. Aufl.</subfield></datafield><datafield tag="260" ind1="3" ind2=" "><subfield code="a">Stuttgart ; Leipzig</subfield><subfield code="b">Klett</subfield><subfield code="c">2010</subfield></datafield><datafield tag="300" ind1=" " ind2=" "><subfield code="a">40 Seiten</subfield></datafield><datafield tag="490" ind1="0" ind2=" "><subfield code="a">Lectures françaises. Lernjahr 1</subfield></datafield><datafield tag="500" ind1=" " ind2=" "><subfield code="a">Archivierung/Langzeitarchivierung gewährleistet</subfield></datafield><datafield tag="700" ind1="1" ind2=" "><subfield code="0">(DE-Frei129)00818277</subfield><subfield code="a">Schmidt, Wolfgang</subfield><subfield code="4">aut</subfield></datafield><datafield tag="852" ind1=" " ind2=" "><subfield code="a">Frei 129</subfield><subfield code="b">PHFR</subfield><subfield code="c">ID 1592 J27</subfield></datafield><datafield tag="980" ind1="0" ind2=" "><subfield code="a">00369845</subfield><subfield code="9">(PHFR)</subfield><subfield code="b">2.OG (35)</subfield><subfield code="c">ID 1592 J27</subfield><subfield code="d">Standardleihe (01)</subfield><subfield code="e">Verfügbar (X)</subfield></datafield></record>