
<record><leader>03142nam a2200000uuc4500</leader><controlfield tag="001">42049610</controlfield><controlfield tag="003">DE-Frei129</controlfield><controlfield tag="005">20220811084013.0</controlfield><controlfield tag="007">tu</controlfield><controlfield tag="008">100831s2010    ||||||||||||||||||||fre||</controlfield><datafield tag="020" ind1=" " ind2=" "><subfield code="a">9783125244023</subfield><subfield code="9">9783125244023</subfield></datafield><datafield tag="024" ind1="3" ind2=" "><subfield code="a">9783125244023</subfield></datafield><datafield tag="035" ind1=" " ind2=" "><subfield code="a">(DE-576)1399402331</subfield></datafield><datafield tag="040" ind1=" " ind2=" "><subfield code="e">rda</subfield></datafield><datafield tag="041" ind1=" " ind2=" "><subfield code="a">fre</subfield></datafield><datafield tag="044" ind1=" " ind2=" "><subfield code="c">XA-DE-BW</subfield><subfield code="c">XA-DE-SN</subfield></datafield><datafield tag="245" ind1="1" ind2="0"><subfield code="a">Arrête ton cinéma, Tarek!</subfield><subfield code="n">Buch</subfield><subfield code="c">Isabelle Darras</subfield></datafield><datafield tag="250" ind1=" " ind2=" "><subfield code="a">1. Aufl.</subfield></datafield><datafield tag="264" ind1=" " ind2="4"><subfield code="a">Stuttgart ; Leipzig</subfield><subfield code="b">Klett</subfield><subfield code="c">2010</subfield></datafield><datafield tag="300" ind1=" " ind2=" "><subfield code="a">40 Seiten</subfield></datafield><datafield tag="336" ind1=" " ind2=" "><subfield code="a">text</subfield><subfield code="b">txt</subfield><subfield code="2">rdacontent</subfield></datafield><datafield tag="337" ind1=" " ind2=" "><subfield code="a">unmediated</subfield><subfield code="b">n</subfield><subfield code="2">rdamedia</subfield></datafield><datafield tag="338" ind1=" " ind2=" "><subfield code="a">volume</subfield><subfield code="b">nc</subfield><subfield code="2">rdacarrier</subfield></datafield><datafield tag="500" ind1=" " ind2=" "><subfield code="a">Archivierung/Langzeitarchivierung gewährleistet</subfield></datafield><datafield tag="520" ind1=" " ind2=" "><subfield code="a">Lektüre zu Génération pro, niveau intermédiaire. Text in Französisch. Niveau A2+B1. Lectures françaises, Lernjahr 3. Zentralabitur 2017</subfield></datafield><datafield tag="700" ind1="1" ind2=" "><subfield code="0">(DE-588)129497649</subfield><subfield code="0">(DE-Frei129)00420471</subfield><subfield code="a">Darras, Isabelle</subfield><subfield code="4">oth</subfield></datafield><datafield tag="773" ind1="0" ind2="8"><subfield code="w">(DE-Frei129)42049934</subfield><subfield code="q">BUCH</subfield></datafield><datafield tag="852" ind1=" " ind2=" "><subfield code="a">Frei 129</subfield><subfield code="b">PHFR</subfield><subfield code="c">ID 1592 D225</subfield></datafield><datafield tag="980" ind1="0" ind2=" "><subfield code="a">00369839</subfield><subfield code="9">(PHFR)</subfield><subfield code="b">2.OG (35)</subfield><subfield code="c">ID 1592 D225</subfield><subfield code="d">Standardleihe (01)</subfield><subfield code="e">Verfügbar (X)</subfield></datafield></record>