
<record><leader>06594nam a2200000uu 4500</leader><controlfield tag="001">42049440</controlfield><controlfield tag="003">DE-Frei129</controlfield><controlfield tag="005">20220811084013.0</controlfield><controlfield tag="007">tu</controlfield><controlfield tag="008">100707s2010    ||||||||||||||||||||ger||</controlfield><datafield tag="015" ind1=" " ind2=" "><subfield code="a">10,A34</subfield></datafield><datafield tag="016" ind1="7" ind2=" "><subfield code="a">1003887104</subfield><subfield code="2">DE-101</subfield></datafield><datafield tag="020" ind1=" " ind2=" "><subfield code="a">9783868630534</subfield><subfield code="9">9783868630534</subfield><subfield code="c">kart. : EUR 10.00</subfield></datafield><datafield tag="024" ind1="3" ind2=" "><subfield code="a">9783868630534</subfield></datafield><datafield tag="035" ind1=" " ind2=" "><subfield code="a">(DE-576)630800790</subfield></datafield><datafield tag="041" ind1=" " ind2=" "><subfield code="a">ger</subfield><subfield code="a">eng</subfield><subfield code="a">fre</subfield></datafield><datafield tag="044" ind1=" " ind2=" "><subfield code="c">XA-DE-BB</subfield></datafield><datafield tag="100" ind1="1" ind2=" "><subfield code="a">Aden, Joëlle</subfield><subfield code="0">(DE-Frei129)00554039</subfield><subfield code="0">(DE-588)1012191753</subfield></datafield><datafield tag="245" ind1="1" ind2="0"><subfield code="a">Recontre interculturelle autour de pratiques théâtrales</subfield><subfield code="c">Joe͏̈lle Aden. Projet ANRAT - IDEA Europe</subfield></datafield><datafield tag="246" ind1="1" ind2="1"><subfield code="a">Theaterspielen als Chance in der interkulturellen Begegnung</subfield></datafield><datafield tag="260" ind1="3" ind2=" "><subfield code="a">Berlin ; Milow ; Strasburg</subfield><subfield code="b">Schibri-Verl.</subfield><subfield code="c">2010</subfield></datafield><datafield tag="300" ind1=" " ind2=" "><subfield code="a">124 Seiten</subfield><subfield code="b">Ill., graph. Darst.</subfield><subfield code="c">21 cm</subfield></datafield><datafield tag="500" ind1=" " ind2=" "><subfield code="a">Literaturangaben. - Umschlagtitel: Rencontre interculturelle autour de pratiques théâtrales</subfield></datafield><datafield tag="500" ind1=" " ind2=" "><subfield code="a">Text dt., engl. und franz. - Aus dem Franz. übers.</subfield></datafield><datafield tag="500" ind1=" " ind2=" "><subfield code="a">IMD-Felder maschinell generiert (GBV)</subfield></datafield><datafield tag="610" ind1="1" ind2="7"><subfield code="a">Forbach</subfield><subfield code="g">Departement Moselle</subfield><subfield code="0">(DE-Frei129)01058410</subfield><subfield code="0">(DE-588)4387429-0</subfield><subfield code="2">gnd</subfield></datafield><datafield tag="648" ind1=" " ind2="7"><subfield code="a">Geschichte 2009</subfield><subfield code="0">(DE-Frei129)00111668</subfield><subfield code="2">local</subfield></datafield><datafield tag="650" ind1=" " ind2="7"><subfield code="a">Jugendtheater</subfield><subfield code="0">(DE-Frei129)00041874</subfield><subfield code="0">(DE-588)4162874-3</subfield><subfield code="2">gnd</subfield></datafield><datafield tag="650" ind1=" " ind2="7"><subfield code="a">Projekt</subfield><subfield code="0">(DE-Frei129)00028538</subfield><subfield code="0">(DE-588)4115645-6</subfield><subfield code="2">gnd</subfield></datafield><datafield tag="650" ind1=" " ind2="7"><subfield code="a">Kulturkontakt</subfield><subfield code="0">(DE-Frei129)00000900</subfield><subfield code="0">(DE-588)4033569-0</subfield><subfield code="2">gnd</subfield></datafield><datafield tag="650" ind1=" " ind2="7"><subfield code="a">Europa</subfield><subfield code="0">(DE-Frei129)00757379</subfield><subfield code="2">local</subfield></datafield><datafield tag="650" ind1=" " ind2="7"><subfield code="a">Kulturaustausch/Kulturkontakt</subfield><subfield code="0">(DE-Frei129)01986089</subfield><subfield code="2">local</subfield></datafield><datafield tag="689" ind1="0" ind2="0"><subfield code="0">(DE-588)4387429-0</subfield><subfield code="D">g</subfield><subfield code="a">Forbach &lt;Departement Moselle&gt; </subfield></datafield><datafield tag="689" ind1="0" ind2="1"><subfield code="0">(DE-588)4162874-3</subfield><subfield code="D">s</subfield><subfield code="a">Jugendtheater </subfield></datafield><datafield tag="689" ind1="0" ind2="2"><subfield code="0">(DE-588)4115645-6</subfield><subfield code="D">s</subfield><subfield code="a">Projekt </subfield></datafield><datafield tag="689" ind1="0" ind2="3"><subfield code="0">(DE-588)4033569-0</subfield><subfield code="D">s</subfield><subfield code="a">Kulturkontakt </subfield></datafield><datafield tag="689" ind1="0" ind2="4"><subfield code="A">s</subfield><subfield code="a">Geschichte 2009</subfield><subfield code="5">DE-101</subfield></datafield><datafield tag="689" ind1="1" ind2="0"><subfield code="A">s</subfield><subfield code="a">Europa </subfield></datafield><datafield tag="689" ind1="1" ind2="1"><subfield code="A">s</subfield><subfield code="a">Kulturaustausch/Kulturkontakt</subfield><subfield code="5">DE-101</subfield></datafield><datafield tag="710" ind1="2" ind2=" "><subfield code="0">(DE-Frei129)00248559</subfield><subfield code="0">(DE-588)3010785-4</subfield><subfield code="a">Association Nationale de Recherche et d&apos;Action Théâtrale en Milieu Scolaire et Universitaire</subfield><subfield code="4">oth</subfield></datafield><datafield tag="710" ind1="2" ind2=" "><subfield code="0">(DE-Frei129)58064298</subfield><subfield code="0">(DE-588)1237750-8</subfield><subfield code="a">International Drama, Theatre and Education Association</subfield><subfield code="4">oth</subfield></datafield><datafield tag="852" ind1=" " ind2=" "><subfield code="a">Frei 129</subfield><subfield code="b">PHFR</subfield><subfield code="c">AP 69150 A232</subfield></datafield><datafield tag="856" ind1="4" ind2=" "><subfield code="8">00</subfield><subfield code="u">http://d-nb.info/1003887104/04</subfield><subfield code="y">Kurzbeschreibung des Verlags</subfield></datafield><datafield tag="856" ind1="4" ind2=" "><subfield code="8">01</subfield><subfield code="u">http://d-nb.info/1003887104/04</subfield><subfield code="y">Zum Online-Dokument</subfield></datafield><datafield tag="980" ind1="0" ind2=" "><subfield code="a">00369214</subfield><subfield code="9">(PHFR)</subfield><subfield code="b">Handbibliothek (50)</subfield><subfield code="c">Deu N 900: 333</subfield><subfield code="d">Handbibliothek - nie verleihbar (54)</subfield><subfield code="e">Verfügbar (X)</subfield></datafield></record>