
<record><leader>03167nam a2200000uuc4500</leader><controlfield tag="001">42048854</controlfield><controlfield tag="003">DE-Frei129</controlfield><controlfield tag="005">20220811084013.0</controlfield><controlfield tag="007">tu</controlfield><controlfield tag="008">100311s2010    ||||||||||||||||||||ger||</controlfield><datafield tag="020" ind1=" " ind2=" "><subfield code="a">9783125810310</subfield><subfield code="9">9783125810310</subfield></datafield><datafield tag="024" ind1="3" ind2=" "><subfield code="a">9783125810310</subfield></datafield><datafield tag="035" ind1=" " ind2=" "><subfield code="a">(DE-576)1390607305</subfield></datafield><datafield tag="041" ind1=" " ind2=" "><subfield code="a">ger</subfield><subfield code="a">eng</subfield></datafield><datafield tag="245" ind1="1" ind2="0"><subfield code="a">Tiger Tom</subfield><subfield code="b">[ab Klasse 3]</subfield><subfield code="n">3, [Activity book]</subfield><subfield code="p">My English book : mit Audio-CD und Übungssoftware</subfield></datafield><datafield tag="250" ind1=" " ind2=" "><subfield code="a">1. Aufl.</subfield></datafield><datafield tag="260" ind1="3" ind2=" "><subfield code="a">Stuttgart ; [Leipzig]</subfield><subfield code="b">Klett</subfield><subfield code="c">2010</subfield></datafield><datafield tag="300" ind1=" " ind2=" "><subfield code="a">88 Seiten</subfield></datafield><datafield tag="500" ind1=" " ind2=" "><subfield code="a">Übungssoftware als Download-Link</subfield></datafield><datafield tag="500" ind1=" " ind2=" "><subfield code="a">Archivierung/Langzeitarchivierung gewährleistet</subfield></datafield><datafield tag="773" ind1="0" ind2="8"><subfield code="w">(DE-Frei129)03173839</subfield><subfield code="q">13ACTI1142010</subfield></datafield><datafield tag="787" ind1="0" ind2="8"><subfield code="i">CD u.d.T.</subfield><subfield code="t">Songs and chants</subfield><subfield code="w">(DE-Frei129)42048970</subfield><subfield code="w">(DE-576)1390607534</subfield></datafield><datafield tag="852" ind1=" " ind2=" "><subfield code="a">Frei 129</subfield><subfield code="b">PHFR</subfield><subfield code="c">Fre O 110: 40,3</subfield></datafield><datafield tag="980" ind1="0" ind2=" "><subfield code="a">00366802</subfield><subfield code="9">(PHFR)</subfield><subfield code="b">Handbibliothek (50)</subfield><subfield code="c">Fre O 110: 40,3 b</subfield><subfield code="d">Handbibliothek - nie verleihbar (54)</subfield><subfield code="e">Verfügbar (X)</subfield></datafield><datafield tag="980" ind1="0" ind2=" "><subfield code="a">00366803</subfield><subfield code="9">(PHFR)</subfield><subfield code="b">Handbibliothek (50)</subfield><subfield code="c">Fre O 110: 40,3 a</subfield><subfield code="d">Handbibliothek - nie verleihbar (54)</subfield><subfield code="e">Verfügbar (X)</subfield></datafield><datafield tag="980" ind1="0" ind2=" "><subfield code="a">00366804</subfield><subfield code="9">(PHFR)</subfield><subfield code="b">Handbibliothek (50)</subfield><subfield code="c">Fre O 110: 40,3</subfield><subfield code="d">Handbibliothek - nie verleihbar (54)</subfield><subfield code="e">Verfügbar (X)</subfield></datafield></record>