
<record><leader>05467nam a2200000uu 4500</leader><controlfield tag="001">42047893</controlfield><controlfield tag="003">DE-Frei129</controlfield><controlfield tag="005">20220811084013.0</controlfield><controlfield tag="007">tu</controlfield><controlfield tag="008">100428s2010    ||||||||||||||||||||ger||</controlfield><datafield tag="015" ind1=" " ind2=" "><subfield code="a">10,N17</subfield></datafield><datafield tag="016" ind1="7" ind2=" "><subfield code="a">1001743105</subfield><subfield code="2">DE-101</subfield></datafield><datafield tag="020" ind1=" " ind2=" "><subfield code="a">9783440122426</subfield><subfield code="9">9783440122426</subfield><subfield code="c">PB. : EUR 14.95, sfr 27.50 (freier Pr.)</subfield></datafield><datafield tag="024" ind1="3" ind2=" "><subfield code="a">9783440122426</subfield></datafield><datafield tag="035" ind1=" " ind2=" "><subfield code="a">(DE-576)624870510</subfield></datafield><datafield tag="040" ind1=" " ind2=" "><subfield code="e">rda</subfield></datafield><datafield tag="041" ind1=" " ind2=" "><subfield code="a">ger</subfield></datafield><datafield tag="044" ind1=" " ind2=" "><subfield code="c">XA-DE-BW</subfield></datafield><datafield tag="245" ind1="1" ind2="0"><subfield code="a">Bald ist Weihnachten</subfield><subfield code="b">ein kulinarischer Adventskalender</subfield><subfield code="c">Regine Stroner</subfield></datafield><datafield tag="250" ind1=" " ind2=" "><subfield code="a">1. Aufl.</subfield></datafield><datafield tag="264" ind1=" " ind2="4"><subfield code="a">Stuttgart</subfield><subfield code="b">Kosmos</subfield><subfield code="c">2010</subfield></datafield><datafield tag="300" ind1=" " ind2=" "><subfield code="a">144 Seiten</subfield><subfield code="b">Ill.</subfield><subfield code="c">220 mm x 188 mm</subfield></datafield><datafield tag="336" ind1=" " ind2=" "><subfield code="a">text</subfield><subfield code="b">txt</subfield><subfield code="2">rdacontent</subfield></datafield><datafield tag="337" ind1=" " ind2=" "><subfield code="a">unmediated</subfield><subfield code="b">n</subfield><subfield code="2">rdamedia</subfield></datafield><datafield tag="338" ind1=" " ind2=" "><subfield code="a">volume</subfield><subfield code="b">nc</subfield><subfield code="2">rdacarrier</subfield></datafield><datafield tag="490" ind1="0" ind2=" "><subfield code="a">Wir [lieben] kochen</subfield></datafield><datafield tag="500" ind1=" " ind2=" "><subfield code="a">IMD-Felder maschinell generiert (GBV)</subfield></datafield><datafield tag="500" ind1=" " ind2=" "><subfield code="a">Archivierung/Langzeitarchivierung gewährleistet</subfield></datafield><datafield tag="520" ind1=" " ind2=" "><subfield code="a">62 Rezepte für Leckereien, die sich zum Verschenken an Weihnachten oder während der Winterzeit eignen. (Astrid Hörth)</subfield></datafield><datafield tag="520" ind1=" " ind2=" "><subfield code="a">62 Leckereien, die sich zum Verschenken eignen. Das meiste davon süß, aber auch einige pikante Rezepte, darunter Klassiker und neue Ideen zum Essen und Trinken: Hutzelbrot, Orangenlikör, Lebkuchen (in 2 Varianten), Mandarinenkonfitüre mit grünem Pfeffer, Knuspermüsli, Glühweinsirup, Sharonfrüchte mit Ingwer und Pistazien, Schalotten in Portwein oder Rilettes mit Apfel und Thymian: das Buch macht Appetit! Zu jedem der schön fotografierten Rezepte der Hinweis auf die Haltbarkeit, häufig mit Varianten und Extra-Tipp, worauf besonders zu achten ist. Auch Anfänger werden hier fündig. Als Abschluss noch 3 Vorschläge für Weihnachtsmenüs (für 2, für 6-8 Personen, vegetarisch). Zum Thema vgl. den allgemeinen Titel &quot;Kleine Geschenke aus der Küche&quot; (BA 11/08) und &quot;Weihnachten&quot; (GU, BA 11/09), letzerer ist fest gebunden und bietet für nur 2 EUR mehr, u.a. ein großes Kapitel zum Thema &quot;Kulinarisches Verschenken&quot; und ist deshalb vorzuziehen. Danach aber sehr gerne empfohlen. (2) (Astrid Hörth)</subfield></datafield><datafield tag="650" ind1=" " ind2="7"><subfield code="a">Weihnachten</subfield><subfield code="0">(DE-Frei129)00026019</subfield><subfield code="0">(DE-588)4065075-3</subfield><subfield code="2">gnd</subfield></datafield><datafield tag="689" ind1="0" ind2="0"><subfield code="0">(DE-588)4065075-3</subfield><subfield code="D">s</subfield><subfield code="a">Weihnachten</subfield><subfield code="5">DE-101</subfield></datafield><datafield tag="700" ind1="1" ind2=" "><subfield code="0">(DE-588)111311616</subfield><subfield code="0">(DE-Frei129)00793346</subfield><subfield code="a">Stroner, Regine</subfield><subfield code="4">oth</subfield></datafield><datafield tag="700" ind1="1" ind2=" "><subfield code="0">(DE-Frei129)10000074</subfield><subfield code="a">Görlach, Martina</subfield><subfield code="4">oth</subfield></datafield><datafield tag="852" ind1=" " ind2=" "><subfield code="a">Frei 129</subfield><subfield code="b">PHFR</subfield><subfield code="c">ZE 77500 S922</subfield></datafield><datafield tag="856" ind1="4" ind2=" "><subfield code="8">00</subfield><subfield code="u">http://d-nb.info/1001743105/04</subfield><subfield code="y">Inhaltsverzeichnis</subfield></datafield><datafield tag="980" ind1="0" ind2=" "><subfield code="a">00363225</subfield><subfield code="9">(PHFR)</subfield><subfield code="b">3.OG (37)</subfield><subfield code="c">ZE 77500 S922</subfield><subfield code="d">Standardleihe (01)</subfield><subfield code="e">Verfügbar (X)</subfield></datafield></record>