
<record><leader>02262nam a2200000uuc4500</leader><controlfield tag="001">42047420</controlfield><controlfield tag="003">DE-Frei129</controlfield><controlfield tag="005">20220811084013.0</controlfield><controlfield tag="007">tu</controlfield><controlfield tag="008">100503s2010    ||||||||||||||||||||ger||</controlfield><datafield tag="020" ind1=" " ind2=" "><subfield code="a">9783120112082</subfield><subfield code="9">9783120112082</subfield></datafield><datafield tag="035" ind1=" " ind2=" "><subfield code="a">(DE-576)1392593441</subfield></datafield><datafield tag="041" ind1=" " ind2=" "><subfield code="a">ger</subfield></datafield><datafield tag="245" ind1="1" ind2="0"><subfield code="a">Lesen. Das Training</subfield><subfield code="n">2, [Lehrerbd.]</subfield><subfield code="p">Stufe II, Kommentar für Lehrerinnen und  Lehrer : [Klassenstufen 7-9]</subfield><subfield code="c">Andrea Bertschi-Kaufmann...</subfield></datafield><datafield tag="250" ind1=" " ind2=" "><subfield code="a">1. Aufl.</subfield></datafield><datafield tag="260" ind1="3" ind2=" "><subfield code="a">Stuttgart ; [Leipzig ; Dortmund]</subfield><subfield code="b">Klett, Verl. für Pädag. Medien</subfield><subfield code="c">2010</subfield></datafield><datafield tag="300" ind1=" " ind2=" "><subfield code="a">43 Seiten</subfield></datafield><datafield tag="500" ind1=" " ind2=" "><subfield code="a">Hier auch später erschienene, unveränderte Nachdrucke!!!</subfield></datafield><datafield tag="500" ind1=" " ind2=" "><subfield code="a">Archivierung/Langzeitarchivierung gewährleistet</subfield></datafield><datafield tag="773" ind1="0" ind2="8"><subfield code="w">(DE-Frei129)01582236</subfield><subfield code="q">12LEHR1142010</subfield></datafield><datafield tag="852" ind1=" " ind2=" "><subfield code="a">Frei 129</subfield><subfield code="b">PHFR</subfield><subfield code="c">GB 2984 K94 B5 L -2/3</subfield></datafield><datafield tag="980" ind1="0" ind2=" "><subfield code="a">00361318</subfield><subfield code="9">(PHFR)</subfield><subfield code="b">Handbibliothek (50)</subfield><subfield code="c">Deu N 540: 75 L,2</subfield><subfield code="d">Handbibliothek - nie verleihbar (54)</subfield><subfield code="e">zur Zeit vermißt (M)</subfield></datafield></record>