
<record><leader>03067nam a2200000uu 4500</leader><controlfield tag="001">42047172</controlfield><controlfield tag="003">DE-Frei129</controlfield><controlfield tag="005">20220811084013.0</controlfield><controlfield tag="007">tu</controlfield><controlfield tag="008">141015s2010    ||||||||||||||||||||eng||</controlfield><datafield tag="020" ind1=" " ind2=" "><subfield code="a">9780761157281</subfield><subfield code="9">978-076-115-728-1</subfield><subfield code="c">alk. paper</subfield></datafield><datafield tag="035" ind1=" " ind2=" "><subfield code="a">(DE-576)1611411203</subfield></datafield><datafield tag="041" ind1=" " ind2=" "><subfield code="a">eng</subfield></datafield><datafield tag="044" ind1=" " ind2=" "><subfield code="c">XD-US</subfield></datafield><datafield tag="245" ind1="1" ind2="0"><subfield code="a">Beautiful oops!</subfield><subfield code="c">Barney Saltzberg</subfield></datafield><datafield tag="260" ind1="3" ind2=" "><subfield code="a">New York</subfield><subfield code="b">Workman</subfield><subfield code="c">2010</subfield></datafield><datafield tag="300" ind1=" " ind2=" "><subfield code="a">[ca. 28]  Seiten</subfield><subfield code="b">überw. Ill.</subfield><subfield code="c">18 cm</subfield></datafield><datafield tag="500" ind1=" " ind2=" "><subfield code="a">Ages 3 and up</subfield></datafield><datafield tag="520" ind1=" " ind2=" "><subfield code="a">Demonstrates the many ways that torn, crinkled, and smudged bits of paper can be transformed into various shapes and images</subfield></datafield><datafield tag="650" ind1=" " ind2="7"><subfield code="a">Toy and movable books</subfield><subfield code="0">(DE-Frei129)00347705</subfield><subfield code="2">local</subfield></datafield><datafield tag="650" ind1=" " ind2="7"><subfield code="a">Specimens</subfield><subfield code="0">(DE-Frei129)00347706</subfield><subfield code="2">local</subfield></datafield><datafield tag="689" ind1="0" ind2="0"><subfield code="A">s</subfield><subfield code="a">Toy and movable books </subfield></datafield><datafield tag="689" ind1="0" ind2="1"><subfield code="A">s</subfield><subfield code="a">Specimens</subfield><subfield code="5">DE-101</subfield></datafield><datafield tag="689" ind1="1" ind2="0"><subfield code="A">s</subfield><subfield code="a">Toy and movable books</subfield><subfield code="5">DE-101</subfield></datafield><datafield tag="700" ind1="1" ind2=" "><subfield code="0">(DE-588)1051141230</subfield><subfield code="0">(DE-Frei129)42001814</subfield><subfield code="a">Saltzberg, Barney</subfield><subfield code="4">oth</subfield></datafield><datafield tag="852" ind1=" " ind2=" "><subfield code="a">Frei 129</subfield><subfield code="b">PHFR</subfield><subfield code="c">ED 5540 S179</subfield></datafield><datafield tag="980" ind1="0" ind2=" "><subfield code="a">00360314</subfield><subfield code="9">(PHFR)</subfield><subfield code="b">2.OG (35)</subfield><subfield code="c">ED 5540 S179</subfield><subfield code="d">Standardleihe (01)</subfield><subfield code="e">Verfügbar (X)</subfield></datafield></record>