
<record><leader>03617nam a2200000uu 4500</leader><controlfield tag="001">42047169</controlfield><controlfield tag="003">DE-Frei129</controlfield><controlfield tag="005">20220811084013.0</controlfield><controlfield tag="007">tu</controlfield><controlfield tag="008">141015s2010    ||||||||||||||||||||eng||</controlfield><datafield tag="020" ind1=" " ind2=" "><subfield code="a">9780811877121</subfield><subfield code="9">978-081-187-712-1</subfield></datafield><datafield tag="035" ind1=" " ind2=" "><subfield code="a">(DE-576)161141041X</subfield></datafield><datafield tag="041" ind1=" " ind2=" "><subfield code="a">eng</subfield><subfield code="h">fre</subfield></datafield><datafield tag="044" ind1=" " ind2=" "><subfield code="c">XD-US</subfield></datafield><datafield tag="245" ind1="1" ind2="0"><subfield code="a">Out of sight</subfield><subfield code="c">Pittau &amp; Gervais</subfield></datafield><datafield tag="246" ind1="1" ind2="3"><subfield code="a">Axinamu</subfield></datafield><datafield tag="260" ind1="3" ind2=" "><subfield code="a">San Francisco, Calif</subfield><subfield code="b">Chronicle Books</subfield><subfield code="c">c2010</subfield></datafield><datafield tag="300" ind1=" " ind2=" "><subfield code="a">[ca. 12]  Seiten</subfield><subfield code="b">überw. Ill.</subfield><subfield code="c">40 cm</subfield></datafield><datafield tag="500" ind1=" " ind2=" "><subfield code="a">Cover title</subfield></datafield><datafield tag="650" ind1=" " ind2="7"><subfield code="a">Animals</subfield><subfield code="0">(DE-Frei129)00233968</subfield><subfield code="2">local</subfield></datafield><datafield tag="650" ind1=" " ind2="7"><subfield code="a">Juvenile literature</subfield><subfield code="0">(DE-Frei129)00240709</subfield><subfield code="2">local</subfield></datafield><datafield tag="650" ind1=" " ind2="7"><subfield code="a">Lift-the-flap books</subfield><subfield code="0">(DE-Frei129)01720875</subfield><subfield code="2">local</subfield></datafield><datafield tag="650" ind1=" " ind2="7"><subfield code="a">Specimens</subfield><subfield code="0">(DE-Frei129)00347706</subfield><subfield code="2">local</subfield></datafield><datafield tag="689" ind1="0" ind2="0"><subfield code="A">s</subfield><subfield code="a">Animals </subfield></datafield><datafield tag="689" ind1="0" ind2="1"><subfield code="A">s</subfield><subfield code="a">Juvenile literature</subfield><subfield code="5">DE-101</subfield></datafield><datafield tag="689" ind1="1" ind2="0"><subfield code="A">s</subfield><subfield code="a">Lift-the-flap books </subfield></datafield><datafield tag="689" ind1="1" ind2="1"><subfield code="A">s</subfield><subfield code="a">Specimens</subfield><subfield code="5">DE-101</subfield></datafield><datafield tag="700" ind1="1" ind2=" "><subfield code="0">(DE-Frei129)42001811</subfield><subfield code="a">Pittau, Francisco</subfield><subfield code="4">oth</subfield></datafield><datafield tag="700" ind1="1" ind2=" "><subfield code="0">(DE-588)1019232579</subfield><subfield code="0">(DE-Frei129)42001812</subfield><subfield code="a">Gervais, Bernadette</subfield><subfield code="4">oth</subfield></datafield><datafield tag="852" ind1=" " ind2=" "><subfield code="a">Frei 129</subfield><subfield code="b">PHFR</subfield><subfield code="c">HG 832 P688</subfield></datafield><datafield tag="980" ind1="0" ind2=" "><subfield code="a">00360309</subfield><subfield code="9">(PHFR)</subfield><subfield code="b">2.OG (35)</subfield><subfield code="c">HG 832 P688</subfield><subfield code="d">Standardleihe (01)</subfield><subfield code="e">Verfügbar (X)</subfield></datafield></record>