
<record><leader>02885nam a2200000uu 4500</leader><controlfield tag="001">42047111</controlfield><controlfield tag="003">DE-Frei129</controlfield><controlfield tag="005">20220811084013.0</controlfield><controlfield tag="007">tu</controlfield><controlfield tag="008">141010s2010    ||||||||||||||||||||eng||</controlfield><datafield tag="020" ind1=" " ind2=" "><subfield code="a">9780956691002</subfield><subfield code="9">978-0-9566910-0-2</subfield><subfield code="c">(pbk.)</subfield></datafield><datafield tag="035" ind1=" " ind2=" "><subfield code="a">(DE-576)1611335418</subfield></datafield><datafield tag="041" ind1=" " ind2=" "><subfield code="a">eng</subfield></datafield><datafield tag="245" ind1="1" ind2="0"><subfield code="a">Who stole the moon?</subfield><subfield code="b">[the night-time adventures of Bertie Brown]</subfield><subfield code="c">written by Helen Stratton-Would. Ill. by Vlad Gerasimov</subfield></datafield><datafield tag="260" ind1="3" ind2=" "><subfield code="a">Lincoln</subfield><subfield code="b">Vladstudio</subfield><subfield code="c">c2010</subfield></datafield><datafield tag="300" ind1=" " ind2=" "><subfield code="a">[ca 42]  Seiten</subfield><subfield code="b">überw. Ill.</subfield><subfield code="c">20 cm</subfield><subfield code="e">1 Beil.</subfield></datafield><datafield tag="650" ind1=" " ind2="7"><subfield code="a">Children&apos;s stories</subfield><subfield code="0">(DE-Frei129)00343656</subfield><subfield code="2">local</subfield></datafield><datafield tag="650" ind1=" " ind2="7"><subfield code="a">Adventure stories</subfield><subfield code="0">(DE-Frei129)00757435</subfield><subfield code="2">local</subfield></datafield><datafield tag="689" ind1="0" ind2="0"><subfield code="A">s</subfield><subfield code="a">Children&apos;s stories</subfield><subfield code="5">DE-101</subfield></datafield><datafield tag="689" ind1="1" ind2="0"><subfield code="A">s</subfield><subfield code="a">Adventure stories</subfield><subfield code="5">DE-101</subfield></datafield><datafield tag="700" ind1="1" ind2=" "><subfield code="0">(DE-Frei129)42001788</subfield><subfield code="a">Stratton-Would, Helen</subfield><subfield code="4">oth</subfield></datafield><datafield tag="700" ind1="1" ind2=" "><subfield code="0">(DE-Frei129)42001789</subfield><subfield code="a">Gerasimov, Vlad</subfield><subfield code="4">oth</subfield></datafield><datafield tag="852" ind1=" " ind2=" "><subfield code="a">Frei 129</subfield><subfield code="b">PHFR</subfield><subfield code="c">ED 5540 S911</subfield></datafield><datafield tag="980" ind1="0" ind2=" "><subfield code="a">00368783</subfield><subfield code="9">(PHFR)</subfield><subfield code="b">Handbibliothek (50)</subfield><subfield code="c">JuLi L 50: 206</subfield><subfield code="d">Handbibliothek - nie verleihbar (54)</subfield><subfield code="e">Verfügbar (X)</subfield></datafield></record>