
<record><leader>02433nam a2200000uu 4500</leader><controlfield tag="001">42046975</controlfield><controlfield tag="003">DE-Frei129</controlfield><controlfield tag="005">20220811084013.0</controlfield><controlfield tag="007">tu</controlfield><controlfield tag="008">140926s2010    |||||||||||||||||||||||||</controlfield><datafield tag="020" ind1=" " ind2=" "><subfield code="a">9783499206092</subfield><subfield code="9">978-3-499-20609-2</subfield></datafield><datafield tag="035" ind1=" " ind2=" "><subfield code="a">(DE-576)1611134498</subfield></datafield><datafield tag="245" ind1="1" ind2="4"><subfield code="a">Die Zwicks stehen kopf</subfield><subfield code="c">Roald Dahl. Dt. von Charles Schüddekopf. Bilder von Quentin Blake</subfield></datafield><datafield tag="246" ind1="1" ind2="3"><subfield code="a">The twits</subfield></datafield><datafield tag="250" ind1=" " ind2=" "><subfield code="a">8. Aufl.</subfield></datafield><datafield tag="260" ind1="3" ind2=" "><subfield code="a">Reinbek bei Hamburg</subfield><subfield code="b">Rowohlt-Taschenbuch-Verl.</subfield><subfield code="c">2010</subfield></datafield><datafield tag="300" ind1=" " ind2=" "><subfield code="a">106  Seiten</subfield><subfield code="b">Ill.</subfield></datafield><datafield tag="490" ind1="0" ind2=" "><subfield code="a">rororo </subfield><subfield code="v"> 20609 : Rotfuchs</subfield></datafield><datafield tag="500" ind1=" " ind2=" "><subfield code="a">IMD-Felder und 1131 maschinell ergänzt</subfield></datafield><datafield tag="700" ind1="1" ind2=" "><subfield code="0">(DE-588)118630962</subfield><subfield code="0">(DE-Frei129)00149652</subfield><subfield code="a">Dahl, Roald</subfield><subfield code="4">aut</subfield></datafield><datafield tag="700" ind1="1" ind2=" "><subfield code="0">(DE-588)118176528</subfield><subfield code="0">(DE-Frei129)00104822</subfield><subfield code="a">Blake, Quentin</subfield><subfield code="4">ill</subfield></datafield><datafield tag="852" ind1=" " ind2=" "><subfield code="a">Frei 129</subfield><subfield code="b">PHFR</subfield><subfield code="c">HN 2982 Z98 (8)</subfield></datafield><datafield tag="980" ind1="0" ind2=" "><subfield code="a">00358715</subfield><subfield code="9">(PHFR)</subfield><subfield code="b">2.OG (35)</subfield><subfield code="c">HN 2982 Z98 (8)</subfield><subfield code="d">Standardleihe (01)</subfield><subfield code="e">Verfügbar (X)</subfield></datafield></record>