
<record><leader>04553nam a2200000uu 4500</leader><controlfield tag="001">42046813</controlfield><controlfield tag="003">DE-Frei129</controlfield><controlfield tag="005">20220811084013.0</controlfield><controlfield tag="007">tu</controlfield><controlfield tag="008">100723s2010    ||||||||||||||||||||ger||</controlfield><datafield tag="015" ind1=" " ind2=" "><subfield code="a">12,A07</subfield></datafield><datafield tag="016" ind1="7" ind2=" "><subfield code="a">101825224X</subfield><subfield code="2">DE-101</subfield></datafield><datafield tag="020" ind1=" " ind2=" "><subfield code="a">9783941239432</subfield><subfield code="9">9783941239432</subfield><subfield code="c">kart. : EUR 17.80 (DE), EUR 18.30 (AT)</subfield></datafield><datafield tag="020" ind1=" " ind2=" "><subfield code="a">3941239430</subfield><subfield code="9">3941239430</subfield></datafield><datafield tag="024" ind1="3" ind2=" "><subfield code="a">9783941239432</subfield></datafield><datafield tag="035" ind1=" " ind2=" "><subfield code="a">(DE-576)63191353X</subfield></datafield><datafield tag="041" ind1=" " ind2=" "><subfield code="a">ger</subfield><subfield code="h">fre</subfield></datafield><datafield tag="044" ind1=" " ind2=" "><subfield code="c">XA-DE-BY</subfield><subfield code="c">XA-DE-HH</subfield></datafield><datafield tag="245" ind1="1" ind2="0"><subfield code="a">Shutter Island</subfield><subfield code="b">nach dem Roman &quot;Shutter Island&quot; von Dennis Lehane</subfield><subfield code="c">Christian de Metter</subfield></datafield><datafield tag="246" ind1="1" ind2="3"><subfield code="a">Shutter Island</subfield></datafield><datafield tag="250" ind1=" " ind2=" "><subfield code="a">1. Aufl.</subfield></datafield><datafield tag="260" ind1="3" ind2=" "><subfield code="a">München</subfield><subfield code="b">Schreiber &amp; Leser</subfield><subfield code="c">2010</subfield></datafield><datafield tag="300" ind1=" " ind2=" "><subfield code="a">127 Seiten</subfield><subfield code="b">überw. Ill.</subfield><subfield code="c">24 cm</subfield></datafield><datafield tag="490" ind1="0" ind2=" "><subfield code="a">Schreiber &amp; Leser noir</subfield></datafield><datafield tag="500" ind1=" " ind2=" "><subfield code="a">IMD-Felder maschinell generiert (GBV)</subfield></datafield><datafield tag="520" ind1=" " ind2=" "><subfield code="a">Wo ist Rachel Solando?Die geisteskranke Straftäterin ist aus ihrer verriegelten Zelle entwichen - kann Rachel durch Wände gehen? Die US Marshals Teddy Daniels und Chuck Aule reisen an, um in der geschlossenen Anstalt auf Shutter Island zu ermitteln, aber sie laufen überall gegen Wattewände. Und plötzlich scheinen sich noch andere Wände um die beiden zu schliessen, Mauern aus Wahn und Schweigen.Die Romanvorlage wurde von Martin Scorsese verfilmt</subfield></datafield><datafield tag="700" ind1="1" ind2=" "><subfield code="0">(DE-588)1018327886</subfield><subfield code="0">(DE-Frei129)42001746</subfield><subfield code="a">Metter, Christian de</subfield><subfield code="4">oth</subfield></datafield><datafield tag="700" ind1="1" ind2=" "><subfield code="0">(DE-588)120314460</subfield><subfield code="0">(DE-Frei129)00143505</subfield><subfield code="a">Lehane, Dennis</subfield><subfield code="4">oth</subfield></datafield><datafield tag="852" ind1=" " ind2=" "><subfield code="a">Frei 129</subfield><subfield code="b">PHFR</subfield><subfield code="c">IH 91900 M595</subfield></datafield><datafield tag="856" ind1="4" ind2=" "><subfield code="8">00</subfield><subfield code="u">http://deposit.d-nb.de/cgi-bin/dokserv?id=3945959&amp;prov=M&amp;dok_var=1&amp;dok_ext=htm</subfield><subfield code="y">Inhaltstext</subfield></datafield><datafield tag="856" ind1="4" ind2=" "><subfield code="8">01</subfield><subfield code="u">http://deposit.d-nb.de/cgi-bin/dokserv?id=3945959&amp;prov=M&amp;dok_var=1&amp;dok_ext=htm</subfield><subfield code="y">Verlagsinformation</subfield></datafield><datafield tag="980" ind1="0" ind2=" "><subfield code="a">00359067</subfield><subfield code="9">(PHFR)</subfield><subfield code="b">2.OG (35)</subfield><subfield code="c">IH 91900 M595</subfield><subfield code="d">Standardleihe (01)</subfield><subfield code="e">Verfügbar (X)</subfield></datafield><datafield tag="980" ind1="0" ind2=" "><subfield code="a">00359068</subfield><subfield code="9">(PHFR)</subfield><subfield code="b">2.OG (35)</subfield><subfield code="c">IH 91900 M595 +1</subfield><subfield code="d">Standardleihe (01)</subfield><subfield code="e">Verfügbar (X)</subfield></datafield></record>