
<record><leader>02219nam a2200000uuc4500</leader><controlfield tag="001">42045322</controlfield><controlfield tag="003">DE-Frei129</controlfield><controlfield tag="005">20220811084013.0</controlfield><controlfield tag="007">tu</controlfield><controlfield tag="008">140724s2010    ||||||||||||||||||||ger||</controlfield><datafield tag="020" ind1=" " ind2=" "><subfield code="a">9783140181204</subfield><subfield code="9">978-3-14-018120-4</subfield></datafield><datafield tag="035" ind1=" " ind2=" "><subfield code="a">(DE-576)1480043567</subfield></datafield><datafield tag="041" ind1=" " ind2=" "><subfield code="a">ger</subfield></datafield><datafield tag="245" ind1="1" ind2="0"><subfield code="a">Kunst aktiv - kreativ</subfield><subfield code="b">Unterrichtsideen für die Klassenstufen ...</subfield><subfield code="n">5/6</subfield><subfield code="c">Herbert Schöttle</subfield></datafield><datafield tag="250" ind1=" " ind2=" "><subfield code="a">[Nachdr.]</subfield></datafield><datafield tag="260" ind1="3" ind2=" "><subfield code="a">Paderborn</subfield><subfield code="b">Schöningh</subfield><subfield code="c">2010</subfield></datafield><datafield tag="300" ind1=" " ind2=" "><subfield code="a">158  Seiten</subfield><subfield code="b">Ill.</subfield></datafield><datafield tag="500" ind1=" " ind2=" "><subfield code="a">Hier auch später erschienene, unveränderte Nchdrucke</subfield></datafield><datafield tag="700" ind1="1" ind2=" "><subfield code="0">(DE-Frei129)00112633</subfield><subfield code="a">Schöttle, Herbert</subfield><subfield code="4">aut</subfield></datafield><datafield tag="773" ind1="0" ind2="8"><subfield code="w">(DE-Frei129)00266091</subfield><subfield code="q">5/642010</subfield></datafield><datafield tag="852" ind1=" " ind2=" "><subfield code="a">Frei 129</subfield><subfield code="b">PHFR</subfield><subfield code="c">LH 61290 S367 -5/6</subfield></datafield><datafield tag="980" ind1="0" ind2=" "><subfield code="a">00355196</subfield><subfield code="9">(PHFR)</subfield><subfield code="b">2.OG (35)</subfield><subfield code="c">LH 61290 S367 -5/6</subfield><subfield code="d">Standardleihe (01)</subfield><subfield code="e">Verfügbar (X)</subfield></datafield></record>