
<record><leader>02728nam a2200000uu 4500</leader><controlfield tag="001">42045244</controlfield><controlfield tag="003">DE-Frei129</controlfield><controlfield tag="005">20220811084013.0</controlfield><controlfield tag="007">tu</controlfield><controlfield tag="008">140722s2010    ||||||||||||||||||||ger||</controlfield><datafield tag="020" ind1=" " ind2=" "><subfield code="a">9783141009323</subfield><subfield code="9">9783141009323</subfield></datafield><datafield tag="035" ind1=" " ind2=" "><subfield code="a">(DE-576)1610087402</subfield></datafield><datafield tag="041" ind1=" " ind2=" "><subfield code="a">ger</subfield></datafield><datafield tag="245" ind1="1" ind2="0"><subfield code="a">Westermann-Geschichtsatlas</subfield><subfield code="c">[bearb. von Wolfgang Birkenfeld ...]</subfield></datafield><datafield tag="246" ind1="1" ind2="0"><subfield code="a">Geschichtsatlas</subfield></datafield><datafield tag="250" ind1=" " ind2=" "><subfield code="a">3. Aufl., [Nachdr.]</subfield></datafield><datafield tag="260" ind1="3" ind2=" "><subfield code="a">Braunschweig</subfield><subfield code="b">Westermann</subfield><subfield code="c">2010</subfield></datafield><datafield tag="300" ind1=" " ind2=" "><subfield code="a">73 Seiten</subfield><subfield code="b">überw. Karten</subfield></datafield><datafield tag="650" ind1=" " ind2="7"><subfield code="a">Geschichtsunterricht</subfield><subfield code="0">(DE-Frei129)00009518</subfield><subfield code="0">(DE-588)4020533-2</subfield><subfield code="2">gnd</subfield></datafield><datafield tag="689" ind1="0" ind2="0"><subfield code="0">(DE-588)4020533-2</subfield><subfield code="D">s</subfield><subfield code="a">Geschichtsunterricht</subfield><subfield code="5">DE-101</subfield></datafield><datafield tag="700" ind1="1" ind2=" "><subfield code="0">(DE-Frei129)00005200</subfield><subfield code="a">Birkenfeld, Wolfgang</subfield><subfield code="4">Bearb.</subfield></datafield><datafield tag="852" ind1=" " ind2=" "><subfield code="a">Frei 129</subfield><subfield code="b">PHFR</subfield><subfield code="c">NC 7300 B619 (3)</subfield></datafield><datafield tag="980" ind1="0" ind2=" "><subfield code="a">00354956</subfield><subfield code="9">(PHFR)</subfield><subfield code="b">UG (33)</subfield><subfield code="c">NC 7300 B619 (3)+1</subfield><subfield code="d">Präsenzbestand II (51)</subfield><subfield code="e">Verfügbar (X)</subfield></datafield><datafield tag="980" ind1="0" ind2=" "><subfield code="a">00354957</subfield><subfield code="9">(PHFR)</subfield><subfield code="b">UG (33)</subfield><subfield code="c">NC 7300 B619 (3)</subfield><subfield code="d">Standardleihe (01)</subfield><subfield code="e">Verfügbar (X)</subfield></datafield></record>