
<record><leader>03638nam a2200000uu 4500</leader><controlfield tag="001">42044933</controlfield><controlfield tag="003">DE-Frei129</controlfield><controlfield tag="005">20220811084013.0</controlfield><controlfield tag="007">tu</controlfield><controlfield tag="008">100623s2010    ||||||||||||||||||||ger||</controlfield><datafield tag="020" ind1=" " ind2=" "><subfield code="a">9783401065441</subfield><subfield code="9">9783401065441</subfield><subfield code="c">: EUR 15.95</subfield></datafield><datafield tag="020" ind1=" " ind2=" "><subfield code="a">3401065440</subfield><subfield code="9">3401065440</subfield><subfield code="c">EUR 15.95</subfield></datafield><datafield tag="035" ind1=" " ind2=" "><subfield code="a">(DE-576)629782520</subfield></datafield><datafield tag="041" ind1=" " ind2=" "><subfield code="a">ger</subfield></datafield><datafield tag="044" ind1=" " ind2=" "><subfield code="c">XA-DE</subfield></datafield><datafield tag="100" ind1="1" ind2=" "><subfield code="a">Green, John</subfield><subfield code="0">(DE-Frei129)00156475</subfield><subfield code="0">(DE-588)132602040</subfield></datafield><datafield tag="245" ind1="1" ind2="0"><subfield code="a">Tage wie diese</subfield><subfield code="c">John Green; Maureen Johnson; Lauren Myracle. Aus dem Amerikan. von Barbara Abedi</subfield></datafield><datafield tag="246" ind1="1" ind2="3"><subfield code="a">Let it snow</subfield></datafield><datafield tag="250" ind1=" " ind2=" "><subfield code="a">1. Aufl.</subfield></datafield><datafield tag="260" ind1="3" ind2=" "><subfield code="a">Würzburg</subfield><subfield code="b">Arena-Verl.</subfield><subfield code="c">2010</subfield></datafield><datafield tag="300" ind1=" " ind2=" "><subfield code="a">397 Seiten</subfield></datafield><datafield tag="500" ind1=" " ind2=" "><subfield code="a">IMD-Felder maschinell generiert (GBV)</subfield></datafield><datafield tag="520" ind1=" " ind2=" "><subfield code="a">Enth.: Der Jubilee-Express. Ein cheer unglaubliches Weihnachtswunder. Der Schutzheilige der Schweine</subfield></datafield><datafield tag="650" ind1=" " ind2="7"><subfield code="a">Liebe</subfield><subfield code="0">(DE-Frei129)00007253</subfield><subfield code="0">(DE-588)4035646-2</subfield><subfield code="2">gnd</subfield></datafield><datafield tag="689" ind1="0" ind2="0"><subfield code="0">(DE-588)4035646-2</subfield><subfield code="D">s</subfield><subfield code="a">Liebe</subfield><subfield code="5">DE-101</subfield></datafield><datafield tag="700" ind1="1" ind2=" "><subfield code="0">(DE-588)129840289</subfield><subfield code="0">(DE-Frei129)42001390</subfield><subfield code="a">Johnson, Maureen</subfield><subfield code="4">aut</subfield></datafield><datafield tag="700" ind1="1" ind2=" "><subfield code="0">(DE-588)141681055</subfield><subfield code="0">(DE-Frei129)42001391</subfield><subfield code="a">Myracle, Lauren</subfield><subfield code="4">aut</subfield></datafield><datafield tag="700" ind1="1" ind2=" "><subfield code="0">(DE-588)137139470</subfield><subfield code="0">(DE-Frei129)42001392</subfield><subfield code="a">Abedi, Barbara</subfield><subfield code="4">oth</subfield></datafield><datafield tag="852" ind1=" " ind2=" "><subfield code="a">Frei 129</subfield><subfield code="b">PHFR</subfield><subfield code="c">HN 9991 G796 T1</subfield></datafield><datafield tag="980" ind1="0" ind2=" "><subfield code="a">00354039</subfield><subfield code="9">(PHFR)</subfield><subfield code="b">2.OG (35)</subfield><subfield code="c">HN 9991 G796 T1</subfield><subfield code="d">Standardleihe (01)</subfield><subfield code="e">Verfügbar (X)</subfield></datafield></record>