
<record><leader>04575nam a2200000uu 4500</leader><controlfield tag="001">42044640</controlfield><controlfield tag="003">DE-Frei129</controlfield><controlfield tag="005">20220811084013.0</controlfield><controlfield tag="007">tu</controlfield><controlfield tag="008">110525s2010    ||||||||||||||||||||ger||</controlfield><datafield tag="016" ind1="7" ind2=" "><subfield code="a">1011724855</subfield><subfield code="2">DE-101</subfield></datafield><datafield tag="020" ind1=" " ind2=" "><subfield code="a">9783534239269</subfield><subfield code="9">9783534239269</subfield><subfield code="c">(nur für Mitglieder)</subfield></datafield><datafield tag="035" ind1=" " ind2=" "><subfield code="a">(DE-576)660825856</subfield></datafield><datafield tag="040" ind1=" " ind2=" "><subfield code="e">rda</subfield></datafield><datafield tag="041" ind1=" " ind2=" "><subfield code="a">ger</subfield></datafield><datafield tag="044" ind1=" " ind2=" "><subfield code="c">XA-DE-HE</subfield></datafield><datafield tag="100" ind1="1" ind2=" "><subfield code="a">Frede, Dorothea</subfield><subfield code="0">(DE-Frei129)00165623</subfield><subfield code="0">(DE-588)121291340</subfield></datafield><datafield tag="245" ind1="1" ind2="0"><subfield code="a">Platons &quot;Phaidon&quot;</subfield><subfield code="b">der Traum von der Unsterblichkeit der Seele</subfield><subfield code="c">Dorothea Frede</subfield></datafield><datafield tag="250" ind1=" " ind2=" "><subfield code="a">Sonderausgabe</subfield></datafield><datafield tag="264" ind1=" " ind2="4"><subfield code="a">Darmstadt</subfield><subfield code="b">Wissenschaftliche Buchgesellschaft</subfield><subfield code="c">2010</subfield></datafield><datafield tag="300" ind1=" " ind2=" "><subfield code="a">VIII, 189 Seiten</subfield><subfield code="c">22 cm, 305 g</subfield></datafield><datafield tag="336" ind1=" " ind2=" "><subfield code="a">text</subfield><subfield code="b">txt</subfield><subfield code="2">rdacontent</subfield></datafield><datafield tag="337" ind1=" " ind2=" "><subfield code="a">unmediated</subfield><subfield code="b">n</subfield><subfield code="2">rdamedia</subfield></datafield><datafield tag="338" ind1=" " ind2=" "><subfield code="a">volume</subfield><subfield code="b">nc</subfield><subfield code="2">rdacarrier</subfield></datafield><datafield tag="490" ind1="0" ind2=" "><subfield code="a">Werkinterpretationen</subfield></datafield><datafield tag="490" ind1="0" ind2=" "><subfield code="a">WBG-Bibliothek</subfield></datafield><datafield tag="500" ind1=" " ind2=" "><subfield code="a">Literaturverzeichnis: Seiten 181-184</subfield></datafield><datafield tag="500" ind1=" " ind2=" "><subfield code="a">Archivierung prüfen</subfield></datafield><datafield tag="630" ind1="0" ind2="7"><subfield code="a">Phaedo</subfield><subfield code="0">(DE-Frei129)02359930</subfield><subfield code="0">(DE-588)10637608X</subfield><subfield code="2">gnd</subfield></datafield><datafield tag="650" ind1=" " ind2="7"><subfield code="a">Phaedo</subfield><subfield code="0">(DE-Frei129)14310366</subfield><subfield code="2">local</subfield></datafield><datafield tag="689" ind1="0" ind2="0"><subfield code="0">(DE-588)10637608X</subfield><subfield code="D">u</subfield><subfield code="a">Plato &lt;v427</subfield></datafield><datafield tag="689" ind1="0" ind2="1"><subfield code="A">s</subfield><subfield code="a">Lebensdaten nach Pauly neu: v428/7-v348/7&gt;. Phaedo (v03) </subfield></datafield><datafield tag="689" ind1="0" ind2="2"><subfield code="A">f</subfield><subfield code="a">Phaedo</subfield><subfield code="5">DE-101</subfield></datafield><datafield tag="852" ind1=" " ind2=" "><subfield code="a">Frei 129</subfield><subfield code="b">PHFR</subfield><subfield code="c">Phil G 250: 44</subfield></datafield><datafield tag="856" ind1="4" ind2=" "><subfield code="8">00</subfield><subfield code="u">http://d-nb.info/1011724855/04</subfield><subfield code="y">Kurzbeschreibung des Verlags</subfield></datafield><datafield tag="856" ind1="4" ind2=" "><subfield code="8">01</subfield><subfield code="u">http://deposit.d-nb.de/cgi-bin/dokserv?id=3790955&amp;prov=M&amp;dok_var=1&amp;dok_ext=htm</subfield><subfield code="y">Verlagsinformation</subfield></datafield><datafield tag="980" ind1="0" ind2=" "><subfield code="a">00353218</subfield><subfield code="9">(PHFR)</subfield><subfield code="b">EG-Anbau (32)</subfield><subfield code="c">Phil G 250: 44 a</subfield><subfield code="d">Standardleihe (01)</subfield><subfield code="e">ausgeliehen (A) - Fälligkeitsdatum: 15.08.2022</subfield></datafield></record>