
<record><leader>02555nam a2200000uuc4500</leader><controlfield tag="001">42044438</controlfield><controlfield tag="003">DE-Frei129</controlfield><controlfield tag="005">20220811084013.0</controlfield><controlfield tag="007">tu</controlfield><controlfield tag="008">140530s2010    ||||||||||||||||||||eng||</controlfield><datafield tag="015" ind1=" " ind2=" "><subfield code="a">10,A33</subfield></datafield><datafield tag="016" ind1="7" ind2=" "><subfield code="a">1005540500</subfield><subfield code="2">DE-101</subfield></datafield><datafield tag="020" ind1=" " ind2=" "><subfield code="a">9783425720074</subfield><subfield code="9">9783425720074</subfield><subfield code="c">Pp. : EUR 18.95</subfield></datafield><datafield tag="035" ind1=" " ind2=" "><subfield code="a">(DE-576)1477330097</subfield></datafield><datafield tag="041" ind1=" " ind2=" "><subfield code="a">eng</subfield><subfield code="a">ger</subfield></datafield><datafield tag="245" ind1="1" ind2="0"><subfield code="a">Portobello Road</subfield><subfield code="n">6, Textbook pro</subfield><subfield code="c">[Hrsg. der bisherigen Reihe Christoph Edelhoff. Erarb. von Ruth Barker ...]</subfield></datafield><datafield tag="260" ind1="3" ind2=" "><subfield code="c">2010</subfield></datafield><datafield tag="300" ind1=" " ind2=" "><subfield code="a">209 Seiten</subfield><subfield code="b">Ill., Kt.</subfield><subfield code="c">27 cm</subfield><subfield code="e">1 Beil. (1 Bl.)</subfield></datafield><datafield tag="500" ind1=" " ind2=" "><subfield code="a">Hier auch später erschienene, unveränderte Nachdrucke</subfield></datafield><datafield tag="773" ind1="0" ind2="8"><subfield code="w">(DE-Frei129)00944129</subfield><subfield code="q">16TEXTPRO42010</subfield></datafield><datafield tag="852" ind1=" " ind2=" "><subfield code="a">Frei 129</subfield><subfield code="b">PHFR</subfield><subfield code="c">HD 220 II P853 -6(N)</subfield></datafield><datafield tag="980" ind1="0" ind2=" "><subfield code="a">00352687</subfield><subfield code="9">(PHFR)</subfield><subfield code="b">2.OG (35)</subfield><subfield code="c">HD 220 II P853 -6(N)</subfield><subfield code="d">Standardleihe (01)</subfield><subfield code="e">Verfügbar (X)</subfield></datafield><datafield tag="980" ind1="0" ind2=" "><subfield code="a">00352688</subfield><subfield code="9">(PHFR)</subfield><subfield code="b">2.OG (35)</subfield><subfield code="c">HD 220 II P853 -6(N)+1</subfield><subfield code="d">Präsenzbestand II (51)</subfield><subfield code="e">Verfügbar (X)</subfield></datafield></record>