
<record><leader>03290nam a2200000uu 4500</leader><controlfield tag="001">42044359</controlfield><controlfield tag="003">DE-Frei129</controlfield><controlfield tag="005">20220811084013.0</controlfield><controlfield tag="007">tu</controlfield><controlfield tag="008">140613s2010    ||||||||||||||||||||eng||</controlfield><datafield tag="020" ind1=" " ind2=" "><subfield code="a">9780547507255</subfield><subfield code="9">9780547507255</subfield></datafield><datafield tag="035" ind1=" " ind2=" "><subfield code="a">(DE-576)1609081889</subfield></datafield><datafield tag="041" ind1=" " ind2=" "><subfield code="a">eng</subfield></datafield><datafield tag="245" ind1="1" ind2="0"><subfield code="a">Bubble trouble</subfield><subfield code="c">Margaret Mahy. Polly Dunbar</subfield></datafield><datafield tag="260" ind1="3" ind2=" "><subfield code="a">Boston, MA</subfield><subfield code="b">Houghton Mifflin Harcourt</subfield><subfield code="c">2010</subfield></datafield><datafield tag="300" ind1=" " ind2=" "><subfield code="a">[ca. 34 Seiten ]</subfield><subfield code="b">überw. Ill.</subfield><subfield code="c">29 cm</subfield></datafield><datafield tag="500" ind1=" " ind2=" "><subfield code="a">Originally published: London : Frances Lincoln Children&apos;s Books, 2008. - Electronic reproduction; Palo Alto, Calif; ebrary; 2011; Available via World Wide Web; Access may be limited to ebrary affiliated libraries</subfield></datafield><datafield tag="520" ind1=" " ind2=" "><subfield code="a">Mabel blows a bubble that captures Baby and wafts him away, resulting in a wild chase that involves the whole neighborhood</subfield></datafield><datafield tag="650" ind1=" " ind2="7"><subfield code="a">Stories in rhyme</subfield><subfield code="0">(DE-Frei129)00414039</subfield><subfield code="2">local</subfield></datafield><datafield tag="650" ind1=" " ind2="7"><subfield code="a">Electronic books</subfield><subfield code="0">(DE-Frei129)00238750</subfield><subfield code="2">local</subfield></datafield><datafield tag="689" ind1="0" ind2="0"><subfield code="A">s</subfield><subfield code="a">Stories in rhyme</subfield><subfield code="5">DE-101</subfield></datafield><datafield tag="689" ind1="1" ind2="0"><subfield code="A">s</subfield><subfield code="a">Electronic books</subfield><subfield code="5">DE-101</subfield></datafield><datafield tag="700" ind1="1" ind2=" "><subfield code="0">(DE-588)119522675</subfield><subfield code="0">(DE-Frei129)00035350</subfield><subfield code="a">Mahy, Margaret</subfield><subfield code="4">oth</subfield></datafield><datafield tag="700" ind1="1" ind2=" "><subfield code="0">(DE-588)1042639760</subfield><subfield code="0">(DE-Frei129)00953178</subfield><subfield code="a">Dunbar, Polly</subfield><subfield code="4">oth</subfield></datafield><datafield tag="852" ind1=" " ind2=" "><subfield code="a">Frei 129</subfield><subfield code="b">PHFR</subfield><subfield code="c">HG 831 M216</subfield></datafield><datafield tag="980" ind1="0" ind2=" "><subfield code="a">00352188</subfield><subfield code="9">(PHFR)</subfield><subfield code="b">Handbibliothek (50)</subfield><subfield code="c">Fre O 780: 255</subfield><subfield code="d">Handbibliothek - nie verleihbar (54)</subfield><subfield code="e">Verfügbar (X)</subfield></datafield></record>