
<record><leader>04586nam a2200000uu 4500</leader><controlfield tag="001">42044230</controlfield><controlfield tag="003">DE-Frei129</controlfield><controlfield tag="005">20220811084013.0</controlfield><controlfield tag="007">tu</controlfield><controlfield tag="008">140519s2010    ||||||||||||||||||||ger||</controlfield><datafield tag="020" ind1=" " ind2=" "><subfield code="a">9783637034471</subfield><subfield code="9">978-3-637-03447-1</subfield></datafield><datafield tag="035" ind1=" " ind2=" "><subfield code="a">(DE-576)627688225</subfield></datafield><datafield tag="041" ind1=" " ind2=" "><subfield code="a">ger</subfield></datafield><datafield tag="245" ind1="1" ind2="0"><subfield code="a">Wasser</subfield><subfield code="b">Grundschule 2 bis 4</subfield><subfield code="c">hrsg. von Horst Fiegl und Ursula Schwarz unter Mitarb. von ...</subfield></datafield><datafield tag="250" ind1=" " ind2=" "><subfield code="a">1. Aufl., [Nachdr.]</subfield></datafield><datafield tag="260" ind1="3" ind2=" "><subfield code="a">München</subfield><subfield code="b">Oldenbourg</subfield><subfield code="c">2010</subfield></datafield><datafield tag="300" ind1=" " ind2=" "><subfield code="a">81  Seiten</subfield><subfield code="b">Ill., graph. Darst.</subfield></datafield><datafield tag="490" ind1="0" ind2=" "><subfield code="a">Sachkunde kreativ unterrichten</subfield></datafield><datafield tag="650" ind1=" " ind2="7"><subfield code="a">Wasser</subfield><subfield code="0">(DE-Frei129)00004360</subfield><subfield code="0">(DE-588)4064689-0</subfield><subfield code="2">gnd</subfield></datafield><datafield tag="650" ind1=" " ind2="7"><subfield code="a">Sachunterricht</subfield><subfield code="0">(DE-Frei129)00010867</subfield><subfield code="0">(DE-588)4051158-3</subfield><subfield code="2">gnd</subfield></datafield><datafield tag="650" ind1=" " ind2="7"><subfield code="a">Schuljahr 2-4</subfield><subfield code="0">(DE-Frei129)00074719</subfield><subfield code="0">(DE-588)4204205-7</subfield><subfield code="2">gnd</subfield></datafield><datafield tag="650" ind1=" " ind2="7"><subfield code="a">Grundschule</subfield><subfield code="0">(DE-Frei129)00010240</subfield><subfield code="0">(DE-588)4022349-8</subfield><subfield code="2">gnd</subfield></datafield><datafield tag="655" ind1=" " ind2="7"><subfield code="a">Lehrmittel</subfield><subfield code="0">(DE-Frei129)00000023</subfield><subfield code="2">local</subfield></datafield><datafield tag="689" ind1="0" ind2="0"><subfield code="0">(DE-588)4064689-0</subfield><subfield code="D">s</subfield><subfield code="a">Wasser </subfield></datafield><datafield tag="689" ind1="0" ind2="1"><subfield code="0">(DE-588)4051158-3</subfield><subfield code="D">s</subfield><subfield code="a">Sachunterricht </subfield></datafield><datafield tag="689" ind1="0" ind2="2"><subfield code="0">(DE-588)4204205-7</subfield><subfield code="D">s</subfield><subfield code="a">Schuljahr 2-4 </subfield></datafield><datafield tag="689" ind1="0" ind2="3"><subfield code="A">s</subfield><subfield code="a">Lehrmittel</subfield><subfield code="5">DE-101</subfield></datafield><datafield tag="689" ind1="1" ind2="0"><subfield code="0">(DE-588)4051158-3</subfield><subfield code="D">s</subfield><subfield code="a">Sachunterricht </subfield></datafield><datafield tag="689" ind1="1" ind2="1"><subfield code="0">(DE-588)4022349-8</subfield><subfield code="D">s</subfield><subfield code="a">Grundschule </subfield></datafield><datafield tag="689" ind1="1" ind2="2"><subfield code="A">s</subfield><subfield code="a">Lehrmittel</subfield><subfield code="5">DE-101</subfield></datafield><datafield tag="700" ind1="1" ind2=" "><subfield code="0">(DE-Frei129)00120617</subfield><subfield code="a">Fiegl, Horst</subfield><subfield code="4">Hrsg.</subfield></datafield><datafield tag="852" ind1=" " ind2=" "><subfield code="a">Frei 129</subfield><subfield code="b">PHFR</subfield><subfield code="c">Paed M 40: 49</subfield></datafield><datafield tag="980" ind1="0" ind2=" "><subfield code="a">00352007</subfield><subfield code="9">(PHFR)</subfield><subfield code="b">EG-Anbau (32)</subfield><subfield code="c">Paed M 40: 49 d</subfield><subfield code="d">Standardleihe (01)</subfield><subfield code="e">Verfügbar (X)</subfield></datafield><datafield tag="980" ind1="0" ind2=" "><subfield code="a">00357932</subfield><subfield code="9">(PHFR)</subfield><subfield code="b">EG-Anbau (32)</subfield><subfield code="c">Paed M 40: 49 e</subfield><subfield code="d">Standardleihe (01)</subfield><subfield code="e">Verfügbar (X)</subfield></datafield></record>