
<record><leader>02027nam a2200000uuc4500</leader><controlfield tag="001">42044093</controlfield><controlfield tag="003">DE-Frei129</controlfield><controlfield tag="005">20220811084013.0</controlfield><controlfield tag="007">tu</controlfield><controlfield tag="008">140505s2010    ||||||||||||||||||||ger||</controlfield><datafield tag="020" ind1=" " ind2=" "><subfield code="a">9783141223033</subfield><subfield code="9">978-3-14-122303-3</subfield></datafield><datafield tag="035" ind1=" " ind2=" "><subfield code="a">(DE-576)1474930638</subfield></datafield><datafield tag="041" ind1=" " ind2=" "><subfield code="a">ger</subfield></datafield><datafield tag="245" ind1="1" ind2="0"><subfield code="a">Mathematikus</subfield><subfield code="n">3, [Hauptband]</subfield><subfield code="c">hrsg. von Jens Holger Lorenz</subfield></datafield><datafield tag="260" ind1="3" ind2=" "><subfield code="a">Braunschweig</subfield><subfield code="b">Westermann</subfield><subfield code="c">2010</subfield></datafield><datafield tag="300" ind1=" " ind2=" "><subfield code="a">125  Seiten</subfield></datafield><datafield tag="773" ind1="0" ind2="8"><subfield code="w">(DE-Frei129)01043900</subfield><subfield code="q">13HAUP42010</subfield></datafield><datafield tag="852" ind1=" " ind2=" "><subfield code="a">Frei 129</subfield><subfield code="b">PHFR</subfield><subfield code="c">Math O 200: 66,3</subfield></datafield><datafield tag="980" ind1="0" ind2=" "><subfield code="a">00350325</subfield><subfield code="9">(PHFR)</subfield><subfield code="b">UG (33)</subfield><subfield code="c">Math O 200: 66,3 d</subfield><subfield code="d">Standardleihe (01)</subfield><subfield code="e">Verfügbar (X)</subfield></datafield><datafield tag="980" ind1="0" ind2=" "><subfield code="a">00350326</subfield><subfield code="9">(PHFR)</subfield><subfield code="b">UG (33)</subfield><subfield code="c">Math O 200: 66,3 c</subfield><subfield code="d">Präsenzbestand II (51)</subfield><subfield code="e">Verfügbar (X)</subfield></datafield></record>