
<record><leader>02100nam a2200000uu 4500</leader><controlfield tag="001">42043982</controlfield><controlfield tag="003">DE-Frei129</controlfield><controlfield tag="005">20220811084013.0</controlfield><controlfield tag="007">tu</controlfield><controlfield tag="008">140425s2010    ||||||||||||||||||||ger||</controlfield><datafield tag="035" ind1=" " ind2=" "><subfield code="a">(DE-576)1474517382</subfield></datafield><datafield tag="041" ind1=" " ind2=" "><subfield code="a">ger</subfield></datafield><datafield tag="044" ind1=" " ind2=" "><subfield code="c">XA-DE-NI</subfield></datafield><datafield tag="100" ind1="1" ind2=" "><subfield code="a">Bahnik, Antje</subfield><subfield code="0">(DE-Frei129)42001064</subfield></datafield><datafield tag="245" ind1="1" ind2="0"><subfield code="a">&quot;Gender in die Lehre&quot;</subfield><subfield code="b">Leitfaden der Universität Göttingen</subfield><subfield code="c">[Georg-August-Universität Göttingen, Gleichstellungsbüro. Antje Bahnik]</subfield></datafield><datafield tag="260" ind1="3" ind2=" "><subfield code="a">Göttingen</subfield><subfield code="b">Georg-August-Univ. Göttingen, Gleichstellungsbüro</subfield><subfield code="c">2010</subfield></datafield><datafield tag="300" ind1=" " ind2=" "><subfield code="a">27  Blatt</subfield><subfield code="b">Ill.</subfield></datafield><datafield tag="710" ind1="2" ind2=" "><subfield code="0">(DE-Frei129)00006051</subfield><subfield code="0">(DE-588)2024315-7</subfield><subfield code="a">Georg-August-Universität Göttingen</subfield><subfield code="4">oth</subfield></datafield><datafield tag="852" ind1=" " ind2=" "><subfield code="a">Frei 129</subfield><subfield code="b">PHFR</subfield><subfield code="c">Paed R 850: 26</subfield></datafield><datafield tag="980" ind1="0" ind2=" "><subfield code="a">00351595</subfield><subfield code="9">(PHFR)</subfield><subfield code="b">Handbibliothek (50)</subfield><subfield code="c">Paed R 850: 26</subfield><subfield code="d">Handbibliothek - nie verleihbar (54)</subfield><subfield code="e">Verfügbar (X)</subfield></datafield></record>