
<record><leader>02788nam a2200000uu 4500</leader><controlfield tag="001">42043661</controlfield><controlfield tag="003">DE-Frei129</controlfield><controlfield tag="005">20220811084013.0</controlfield><controlfield tag="007">tu</controlfield><controlfield tag="008">140407s2010    ||||||||||||||||||||ger||</controlfield><datafield tag="015" ind1=" " ind2=" "><subfield code="a">11,B08</subfield></datafield><datafield tag="016" ind1="7" ind2=" "><subfield code="a">1005413436</subfield><subfield code="2">DE-101</subfield></datafield><datafield tag="035" ind1=" " ind2=" "><subfield code="a">(DE-576)160840224X</subfield></datafield><datafield tag="041" ind1=" " ind2=" "><subfield code="a">ger</subfield></datafield><datafield tag="044" ind1=" " ind2=" "><subfield code="c">XA-DE-BE</subfield></datafield><datafield tag="245" ind1="1" ind2="0"><subfield code="a">Kinder - Wunsch und Wirklichkeit in der Wissenschaft</subfield><subfield code="b">Forschungsergebnisse und Konsequenzen; [basiert auf Beiträgen im Rahmen der Abschlusstagung &quot;(Kinder-)Wunsch und Wirklichkeit in der Wissenschaft. Forschungsergebnisse und Konsequenzen&quot;; am 5. und 6. Oktober 2009 im Wissenschaftszentrum Bonn]</subfield><subfield code="c">Bundesministerium für Bildung und Forschung.  Red. Angelika Fritsche]</subfield></datafield><datafield tag="260" ind1="3" ind2=" "><subfield code="a">Bonn ; Berlin</subfield><subfield code="b">BMBF, Referat Chancengerechtigkeit in Bildung und Forschung</subfield><subfield code="c">2010</subfield></datafield><datafield tag="300" ind1=" " ind2=" "><subfield code="a">28 Seiten</subfield><subfield code="b">Ill., graph. Darst.</subfield><subfield code="c">30 cm</subfield></datafield><datafield tag="490" ind1="0" ind2=" "><subfield code="a">Ideen zünden!</subfield></datafield><datafield tag="700" ind1="1" ind2=" "><subfield code="0">(DE-Frei129)00110440</subfield><subfield code="a">Fritsche, Angelika</subfield><subfield code="4">Red.</subfield></datafield><datafield tag="710" ind1="2" ind2=" "><subfield code="0">(DE-Frei129)00012915</subfield><subfield code="0">(DE-588)5309538-8</subfield><subfield code="a">Deutschland</subfield><subfield code="b">Bundesministerium für Bildung und Forschung</subfield><subfield code="4">oth</subfield></datafield><datafield tag="852" ind1=" " ind2=" "><subfield code="a">Frei 129</subfield><subfield code="b">PHFR</subfield><subfield code="c">MS 3080 F919</subfield></datafield><datafield tag="980" ind1="0" ind2=" "><subfield code="a">00350727</subfield><subfield code="9">(PHFR)</subfield><subfield code="b">Handbibliothek (50)</subfield><subfield code="c">Soz E 230: 22</subfield><subfield code="d">Handbibliothek - nie verleihbar (54)</subfield><subfield code="e">Verfügbar (X)</subfield></datafield></record>