
<record><leader>04260nam a2200000uuc4500</leader><controlfield tag="001">42043529</controlfield><controlfield tag="003">DE-Frei129</controlfield><controlfield tag="005">20220811084014.0</controlfield><controlfield tag="007">tu</controlfield><controlfield tag="008">140402s2010    ||||||||||||||||||||eng||</controlfield><datafield tag="015" ind1=" " ind2=" "><subfield code="a">10,A08</subfield></datafield><datafield tag="016" ind1="7" ind2=" "><subfield code="a">1000013677</subfield><subfield code="2">DE-101</subfield></datafield><datafield tag="020" ind1=" " ind2=" "><subfield code="a">9783060322701</subfield><subfield code="9">9783060322701</subfield><subfield code="c">geh. : EUR 7.95</subfield></datafield><datafield tag="024" ind1="3" ind2=" "><subfield code="a">9783060322701</subfield></datafield><datafield tag="035" ind1=" " ind2=" "><subfield code="a">(DE-576)1473480795</subfield></datafield><datafield tag="041" ind1=" " ind2=" "><subfield code="a">eng</subfield></datafield><datafield tag="245" ind1="1" ind2="0"><subfield code="a">Sunshine</subfield><subfield code="b">Lehrwerk für den früh beginnenden Englischunterricht in jahrgangsgemischten Klassen</subfield><subfield code="n">Activity book green</subfield><subfield code="c">erarb. von Susan Norman und Hugh L&apos;Estrange</subfield></datafield><datafield tag="250" ind1=" " ind2=" "><subfield code="a">1. Aufl.</subfield></datafield><datafield tag="260" ind1="3" ind2=" "><subfield code="a">Berlin</subfield><subfield code="b">Cornelsen</subfield><subfield code="c">2010</subfield></datafield><datafield tag="300" ind1=" " ind2=" "><subfield code="a">63 Seiten</subfield><subfield code="b">überw. Ill.</subfield><subfield code="c">30 cm</subfield></datafield><datafield tag="500" ind1=" " ind2=" "><subfield code="a">Hier auch später erschienene, unveränderte Nachdrucke</subfield></datafield><datafield tag="520" ind1=" " ind2=" "><subfield code="a">Mit Sunshine lässt sich guter Englischunterricht schnell vorbereiten. Kindgemäße Situationen fördern das Sprechen; Lern- und Arbeitstechniken werden durch Portfolio- und Leistungsermittlungsseiten entwickelt. In den Klassen 1 und 2 führen klassische Geschichten die Kinder an die neue Sprache heran. Der Alltag von vier englischen Freunden steht in den Klassen 3 und 4 im Mittelpunkt. Das Activity Book enthält Bildergeschichten, Minibildkarten, vielseitige Aufgaben zu den mündlichen Fertigkeiten sowie eine CD mit Liedern und Hörtexten. Ab Klasse 3 kommen Lese- und Schreibaufgaben verstärkt hinzu. Auf Portfolio- und Check-your-English-Seiten dokumentieren und überprüfen die Kinder das Erlernte.</subfield></datafield><datafield tag="773" ind1="0" ind2="8"><subfield code="w">(DE-Frei129)01760511</subfield><subfield code="q">GREEACTI11</subfield></datafield><datafield tag="787" ind1="0" ind2="8"><subfield code="i">CD u.d.T.</subfield><subfield code="t">Audio-CD Kurzfassung</subfield><subfield code="w">(DE-Frei129)42044012</subfield><subfield code="w">(DE-576)1474634575</subfield></datafield><datafield tag="852" ind1=" " ind2=" "><subfield code="a">Frei 129</subfield><subfield code="b">PHFR</subfield><subfield code="c">HD 220 I L524 A1 -1/2</subfield></datafield><datafield tag="856" ind1="4" ind2=" "><subfield code="8">00</subfield><subfield code="u">http://swbplus.bsz-bw.de/bsz403480795inh.htm</subfield><subfield code="y">Inhaltsverzeichnis</subfield></datafield><datafield tag="856" ind1="4" ind2=" "><subfield code="8">01</subfield><subfield code="u">http://swbplus.bsz-bw.de/bsz403480795cov.htm</subfield><subfield code="y">Verlagsinformation</subfield></datafield><datafield tag="980" ind1="0" ind2=" "><subfield code="a">00349835</subfield><subfield code="9">(PHFR)</subfield><subfield code="b">2.OG (35)</subfield><subfield code="c">HD 220 I L524 A1 -1/2</subfield><subfield code="d">Standardleihe (01)</subfield><subfield code="e">Verfügbar (X)</subfield></datafield><datafield tag="980" ind1="0" ind2=" "><subfield code="a">00349838</subfield><subfield code="9">(PHFR)</subfield><subfield code="b">2.OG (35)</subfield><subfield code="c">HD 220 I L524 A1 -1/2+1</subfield><subfield code="d">Präsenzbestand II (51)</subfield><subfield code="e">Verfügbar (X)</subfield></datafield></record>