
<record><leader>04317nam a2200000uu 4500</leader><controlfield tag="001">42043097</controlfield><controlfield tag="003">DE-Frei129</controlfield><controlfield tag="005">20220811084014.0</controlfield><controlfield tag="007">tu</controlfield><controlfield tag="008">110119s2010    ||||||||||||||||||||ger||</controlfield><datafield tag="015" ind1=" " ind2=" "><subfield code="a">10,B50</subfield></datafield><datafield tag="016" ind1="7" ind2=" "><subfield code="a">1008706787</subfield><subfield code="2">DE-101</subfield></datafield><datafield tag="035" ind1=" " ind2=" "><subfield code="a">(DE-576)1607391023</subfield></datafield><datafield tag="041" ind1=" " ind2=" "><subfield code="a">ger</subfield></datafield><datafield tag="044" ind1=" " ind2=" "><subfield code="c">XA-DE</subfield></datafield><datafield tag="100" ind1="1" ind2=" "><subfield code="a">Krebs, Angelika</subfield><subfield code="0">(DE-Frei129)00071318</subfield><subfield code="0">(DE-588)122392957</subfield><subfield code="4">aut</subfield></datafield><datafield tag="245" ind1="1" ind2="0"><subfield code="a">Männer für erzieherische Berufe gewinnen: Perspektiven definieren und umsetzen</subfield><subfield code="b">Impulse und Anregungen für eine größere Vielfalt in Tageseinrichtungen für Kinder</subfield><subfield code="c">[ Hrsg:. Baden-Württemberg-Stiftung gGmbH. ... Aut.: Angelika Krebs; Gunter Neubauer ...]</subfield></datafield><datafield tag="260" ind1="3" ind2=" "><subfield code="a">Stuttgart</subfield><subfield code="b">Baden-Württemberg-Stiftung</subfield><subfield code="c">2010</subfield></datafield><datafield tag="300" ind1=" " ind2=" "><subfield code="a">83 Seiten</subfield><subfield code="b">Ill., Kt.</subfield><subfield code="c">30 cm</subfield></datafield><datafield tag="490" ind1="0" ind2=" "><subfield code="a">10 Jahre Vorsprung Baden-Württemberg</subfield></datafield><datafield tag="490" ind1="1" ind2=" "><subfield code="a">Schriftenreihe der Baden-Württemberg-Stiftung </subfield><subfield code="v">50</subfield></datafield><datafield tag="500" ind1=" " ind2=" "><subfield code="a">Literaturangaben</subfield></datafield><datafield tag="500" ind1=" " ind2=" "><subfield code="a">Archivierung/Langzeitarchivierung gewährleistet</subfield></datafield><datafield tag="650" ind1=" " ind2="7"><subfield code="a">Erzieher</subfield><subfield code="0">(DE-Frei129)00007307</subfield><subfield code="0">(DE-588)4015479-8</subfield><subfield code="2">gnd</subfield></datafield><datafield tag="689" ind1="0" ind2="0"><subfield code="0">(DE-588)4015479-8</subfield><subfield code="D">s</subfield><subfield code="a">Erzieher</subfield><subfield code="5">DE-101</subfield></datafield><datafield tag="700" ind1="1" ind2=" "><subfield code="0">(DE-Frei129)00128629</subfield><subfield code="a">Neubauer, Gunter</subfield><subfield code="4">aut</subfield></datafield><datafield tag="710" ind1="2" ind2=" "><subfield code="0">(DE-Frei129)00045801</subfield><subfield code="0">(DE-588)16075959-6</subfield><subfield code="a">Baden-Württemberg Stiftung</subfield><subfield code="4">oth</subfield></datafield><datafield tag="776" ind1="0" ind2="8"><subfield code="a">Hrsg:. Baden-Württemberg-Stiftung. Verantwortl.: Andreas Weber. Autoren: Angelika Krebs; Gunter Neubauer</subfield><subfield code="i">Erscheint auch als Online-Ausgabe</subfield><subfield code="t">Männer für erzieherische Berufe gewinnen: Perspektiven definieren und umsetzen</subfield><subfield code="w">(DE-Frei129)42043098</subfield><subfield code="w">(DE-576)1653239417</subfield></datafield><datafield tag="830" ind1=" " ind2="0"><subfield code="a">Schriftenreihe der Baden-Württemberg Stiftung</subfield><subfield code="v">50</subfield><subfield code="w">(DE-Frei129)16042967</subfield><subfield code="9">250</subfield></datafield><datafield tag="852" ind1=" " ind2=" "><subfield code="a">Frei 129</subfield><subfield code="b">PHFR</subfield><subfield code="c">MS 3050 K92 M1</subfield></datafield><datafield tag="980" ind1="0" ind2=" "><subfield code="a">00349532</subfield><subfield code="9">(PHFR)</subfield><subfield code="b">Handbibliothek (50)</subfield><subfield code="c">Soz E 240: 24</subfield><subfield code="d">Handbibliothek - nie verleihbar (54)</subfield><subfield code="e">Nicht im Regal</subfield></datafield></record>