
<record><leader>02135nam a2200000uuc4500</leader><controlfield tag="001">42042535</controlfield><controlfield tag="003">DE-Frei129</controlfield><controlfield tag="005">20220811084014.0</controlfield><controlfield tag="007">tu</controlfield><controlfield tag="008">140221s2010    ||||||||||||||||||||eng||</controlfield><datafield tag="020" ind1=" " ind2=" "><subfield code="a">9783037133354</subfield><subfield code="9">9783037133354</subfield></datafield><datafield tag="035" ind1=" " ind2=" "><subfield code="a">(DE-576)1471537269</subfield></datafield><datafield tag="041" ind1=" " ind2=" "><subfield code="a">eng</subfield></datafield><datafield tag="044" ind1=" " ind2=" "><subfield code="c">XA-CH</subfield></datafield><datafield tag="245" ind1="1" ind2="0"><subfield code="a">Voices</subfield><subfield code="b">English for secondary schools</subfield><subfield code="n">Topic file A, 1</subfield><subfield code="p">Schoolkids in Britain - a multilingual community</subfield><subfield code="c">Inhaltliche Projektleitung: Ruth Keller-Bolliger</subfield></datafield><datafield tag="250" ind1=" " ind2=" "><subfield code="a">2. korr. Aufl.</subfield></datafield><datafield tag="260" ind1="3" ind2=" "><subfield code="a">Zürich</subfield><subfield code="b">Lehrmittelverlag des Kantons Zürich</subfield><subfield code="c">2010</subfield></datafield><datafield tag="300" ind1=" " ind2=" "><subfield code="a">27 Seiten</subfield><subfield code="b">Ill.</subfield></datafield><datafield tag="773" ind1="0" ind2="8"><subfield code="w">(DE-Frei129)02343179</subfield><subfield code="q">42010</subfield></datafield><datafield tag="852" ind1=" " ind2=" "><subfield code="a">Frei 129</subfield><subfield code="b">PHFR</subfield><subfield code="c">HD 220 II V889 L3 -1(2)</subfield></datafield><datafield tag="980" ind1="0" ind2=" "><subfield code="a">00348416</subfield><subfield code="9">(PHFR)</subfield><subfield code="b">Handbibliothek (50)</subfield><subfield code="c">Fre O 130: 9 TFB,1 a</subfield><subfield code="d">Handbibliothek - nie verleihbar (54)</subfield><subfield code="e">Verfügbar (X)</subfield></datafield></record>