
<record><leader>03627nam a2200000uu 4500</leader><controlfield tag="001">42042074</controlfield><controlfield tag="003">DE-Frei129</controlfield><controlfield tag="005">20220811084014.0</controlfield><controlfield tag="007">tu</controlfield><controlfield tag="008">100517s2010    ||||||||||||||||||||ger||</controlfield><datafield tag="020" ind1=" " ind2=" "><subfield code="a">9783492053624</subfield><subfield code="9">9783492053624</subfield></datafield><datafield tag="024" ind1="3" ind2=" "><subfield code="a">9783492053624</subfield></datafield><datafield tag="035" ind1=" " ind2=" "><subfield code="a">(DE-576)626220688</subfield></datafield><datafield tag="041" ind1=" " ind2=" "><subfield code="a">ger</subfield></datafield><datafield tag="044" ind1=" " ind2=" "><subfield code="c">XA-DE-BY</subfield><subfield code="c">XA-CH</subfield><subfield code="c">XA-DE</subfield></datafield><datafield tag="100" ind1="1" ind2=" "><subfield code="a">Schirach, Ferdinand von</subfield><subfield code="0">(DE-Frei129)07000026</subfield><subfield code="0">(DE-588)138992215</subfield></datafield><datafield tag="245" ind1="1" ind2="0"><subfield code="a">Verbrechen</subfield><subfield code="b">Stories</subfield><subfield code="c">Ferdinand von Schirach</subfield></datafield><datafield tag="250" ind1=" " ind2=" "><subfield code="a">13. Aufl.</subfield></datafield><datafield tag="260" ind1="3" ind2=" "><subfield code="a">München ; Zürich</subfield><subfield code="b">Piper</subfield><subfield code="c">2010</subfield></datafield><datafield tag="300" ind1=" " ind2=" "><subfield code="a">205 Seiten</subfield></datafield><datafield tag="500" ind1=" " ind2=" "><subfield code="a">IMD-Felder maschinell generiert (GBV)</subfield></datafield><datafield tag="520" ind1=" " ind2=" "><subfield code="a">Ferdinand von Schirach hat es in seinem Beruf alltäglich mit Menschen zu tun, die Extremes getan oder erlebt haben. Das Ungeheuerliche ist bei ihm der Normalfall. Er vertritt Unschuldige, die mit dem Gesetz in Konflikt geraten, ebenso wie Schwerstkriminelle. Deren Geschichten erzählt er</subfield></datafield><datafield tag="650" ind1=" " ind2="7"><subfield code="a">Strafverteidiger</subfield><subfield code="0">(DE-Frei129)00023342</subfield><subfield code="0">(DE-588)4126911-1</subfield><subfield code="2">gnd</subfield></datafield><datafield tag="651" ind1=" " ind2="7"><subfield code="a">Deutschland</subfield><subfield code="0">(DE-Frei129)00005806</subfield><subfield code="0">(DE-588)4011882-4</subfield><subfield code="2">gnd</subfield></datafield><datafield tag="689" ind1="0" ind2="0"><subfield code="0">(DE-588)4011882-4</subfield><subfield code="D">g</subfield><subfield code="a">Deutschland </subfield></datafield><datafield tag="689" ind1="0" ind2="1"><subfield code="0">(DE-588)4126911-1</subfield><subfield code="D">s</subfield><subfield code="a">Strafverteidiger</subfield><subfield code="5">DE-101</subfield></datafield><datafield tag="852" ind1=" " ind2=" "><subfield code="a">Frei 129</subfield><subfield code="b">PHFR</subfield><subfield code="c">GN 9999 S337 (13)</subfield></datafield><datafield tag="856" ind1="4" ind2=" "><subfield code="8">00</subfield><subfield code="u">http://www.gbv.de/dms/faz-rez/FD1200909022353303.pdf</subfield><subfield code="y">Rezension</subfield></datafield><datafield tag="980" ind1="0" ind2=" "><subfield code="a">00346674</subfield><subfield code="9">(PHFR)</subfield><subfield code="b">2.OG (35)</subfield><subfield code="c">GN 9999 S337 (13)</subfield><subfield code="d">Standardleihe (01)</subfield><subfield code="e">Verfügbar (X)</subfield></datafield></record>