
<record><leader>02332nam a2200000uu 4500</leader><controlfield tag="001">42041830</controlfield><controlfield tag="003">DE-Frei129</controlfield><controlfield tag="005">20220811084014.0</controlfield><controlfield tag="007">tu</controlfield><controlfield tag="008">140121s2010    ||||||||||||||||||||ger||</controlfield><datafield tag="015" ind1=" " ind2=" "><subfield code="a">13,A44</subfield></datafield><datafield tag="016" ind1="7" ind2=" "><subfield code="a">1041792131</subfield><subfield code="2">DE-101</subfield></datafield><datafield tag="020" ind1=" " ind2=" "><subfield code="a">9783060820153</subfield><subfield code="9">978-3-06-082015-3</subfield><subfield code="c">geh. : EUR 16.50</subfield></datafield><datafield tag="035" ind1=" " ind2=" "><subfield code="a">(DE-576)1606957694</subfield></datafield><datafield tag="041" ind1=" " ind2=" "><subfield code="a">ger</subfield></datafield><datafield tag="044" ind1=" " ind2=" "><subfield code="c">XA-DE</subfield></datafield><datafield tag="100" ind1="1" ind2=" "><subfield code="a">Scheller, Anne</subfield><subfield code="0">(DE-Frei129)03000713</subfield></datafield><datafield tag="245" ind1="1" ind2="0"><subfield code="a">Rund um der Wilde Westen</subfield><subfield code="c">erarb. von Anne Scheller</subfield></datafield><datafield tag="250" ind1=" " ind2=" "><subfield code="a">1. Aufl., 1. Dr.</subfield></datafield><datafield tag="260" ind1="3" ind2=" "><subfield code="a">Berlin</subfield><subfield code="b">Cornelsen</subfield><subfield code="c">2010</subfield></datafield><datafield tag="300" ind1=" " ind2=" "><subfield code="a">56  Seiten</subfield><subfield code="b">Ill., Noten</subfield><subfield code="c">30 cm</subfield></datafield><datafield tag="490" ind1="0" ind2=" "><subfield code="a">Kopiervorlagen für den Unterricht in der Grundschule</subfield></datafield><datafield tag="852" ind1=" " ind2=" "><subfield code="a">Frei 129</subfield><subfield code="b">PHFR</subfield><subfield code="c">Paed M 40: 111</subfield></datafield><datafield tag="980" ind1="0" ind2=" "><subfield code="a">00346677</subfield><subfield code="9">(PHFR)</subfield><subfield code="b">EG-Anbau (32)</subfield><subfield code="c">Paed M 40: 111</subfield><subfield code="d">Standardleihe (01)</subfield><subfield code="e">Verfügbar (X)</subfield></datafield></record>