
<record><leader>02532nam a2200000uu 4500</leader><controlfield tag="001">42041547</controlfield><controlfield tag="003">DE-Frei129</controlfield><controlfield tag="005">20220811084014.0</controlfield><controlfield tag="007">tu</controlfield><controlfield tag="008">100723s2010    ||||||||||||||||||||eng||</controlfield><datafield tag="020" ind1=" " ind2=" "><subfield code="a">041537412X</subfield><subfield code="9">0-415-37412-X</subfield><subfield code="c">(hbk.) : £70.00 : £19.99</subfield></datafield><datafield tag="020" ind1=" " ind2=" "><subfield code="a">0415374138</subfield><subfield code="9">0-415-37413-8</subfield><subfield code="c">(pbk) : £19.99 hbk. : £70.00</subfield></datafield><datafield tag="024" ind1="3" ind2=" "><subfield code="a">9780415374125</subfield></datafield><datafield tag="024" ind1="3" ind2=" "><subfield code="a">9780145374132</subfield></datafield><datafield tag="035" ind1=" " ind2=" "><subfield code="a">(DE-576)1604271043</subfield></datafield><datafield tag="041" ind1=" " ind2=" "><subfield code="a">eng</subfield></datafield><datafield tag="044" ind1=" " ind2=" "><subfield code="c">XA-GB</subfield></datafield><datafield tag="245" ind1="1" ind2="4"><subfield code="a">The cultural studies reader</subfield><subfield code="c">ed. by Simon During</subfield></datafield><datafield tag="250" ind1=" " ind2=" "><subfield code="a">3. ed., reprint.</subfield></datafield><datafield tag="260" ind1="3" ind2=" "><subfield code="a">London [u.a.]</subfield><subfield code="b">Taylor &amp; Francis Ltd</subfield><subfield code="c">2010</subfield></datafield><datafield tag="300" ind1=" " ind2=" "><subfield code="a">XII, 564  Seiten</subfield></datafield><datafield tag="500" ind1=" " ind2=" "><subfield code="a">5090 maschinell aus ähnlichen Titelaufnahmen ergänzt</subfield></datafield><datafield tag="700" ind1="1" ind2=" "><subfield code="0">(DE-588)131828584</subfield><subfield code="0">(DE-Frei129)00378529</subfield><subfield code="a">During, Simon</subfield><subfield code="4">Hrsg.</subfield></datafield><datafield tag="852" ind1=" " ind2=" "><subfield code="a">Frei 129</subfield><subfield code="b">PHFR</subfield><subfield code="c">MR 7100 D962 (3)</subfield></datafield><datafield tag="980" ind1="0" ind2=" "><subfield code="a">00344946</subfield><subfield code="9">(PHFR)</subfield><subfield code="b">UG (33)</subfield><subfield code="c">Soz K 100: 67 a</subfield><subfield code="d">Standardleihe (01)</subfield><subfield code="e">Verfügbar (X)</subfield></datafield></record>