
<record><leader>05198nam a2200000uu 4500</leader><controlfield tag="001">42041533</controlfield><controlfield tag="003">DE-Frei129</controlfield><controlfield tag="005">20220811084014.0</controlfield><controlfield tag="007">tu</controlfield><controlfield tag="008">140107s2010    ||||||||||||||||||||eng||</controlfield><datafield tag="020" ind1=" " ind2=" "><subfield code="a">9781591586005</subfield><subfield code="9">978-1-591-58600-5</subfield><subfield code="c">(hbk.) £37.95</subfield></datafield><datafield tag="020" ind1=" " ind2=" "><subfield code="a">1591586003</subfield><subfield code="9">1-591-58600-3</subfield><subfield code="c">(hbk.) £37.95</subfield></datafield><datafield tag="035" ind1=" " ind2=" "><subfield code="a">(DE-576)1606679511</subfield></datafield><datafield tag="041" ind1=" " ind2=" "><subfield code="a">eng</subfield></datafield><datafield tag="245" ind1="1" ind2="0"><subfield code="a">Storytelling</subfield><subfield code="b">art and technique</subfield><subfield code="c">Ellin Greene and Janice M. Del Negro</subfield></datafield><datafield tag="250" ind1=" " ind2=" "><subfield code="a">4. ed.</subfield></datafield><datafield tag="260" ind1="3" ind2=" "><subfield code="a">Santa Barbara, Calif.</subfield><subfield code="b">Libraries Unlimited</subfield><subfield code="c">2010 2010</subfield></datafield><datafield tag="300" ind1=" " ind2=" "><subfield code="a">XXVII, 455  Seiten</subfield><subfield code="b">Ill.</subfield><subfield code="c">25 cm</subfield></datafield><datafield tag="500" ind1=" " ind2=" "><subfield code="a">Formerly CIP Uk. - Includes bibliographical references and index. - Storytelling : a historical perspective -- Storytelling to children in libraries -- Purpose and values of storytelling -- Selection -- Preparation -- Presentation -- Storytelling to children with special needs; storytelling in special settings -- Storytelling to young children -- Storytelling to young adults -- Children and young adults as storytellers -- Program planning -- Administration of the storytelling program and in-service education -- Storytelling in libraries and schools in the United Kingdom and the Republic of Ireland -- How do you say &quot;storytelling&quot; in Chinese? -- The gingerbread man -- Perez and Martina : a Puerto Rican folktale -- The old woman who lost her dumpling -- The dancing granny -- Ananse the spider in seard of a fool -- Jack and the two-bullet hunt -- Willa and the wind -- More than salt -- Ling-Li and the phoenix fairy : a Chinese folktale -- Rubies -- The white horse girl and the blue wind boy -- the vision in the wood -- The legend of the Christmas rose -- Professional reading -- Folktales, literary tales, poetry, and song -- Stories of special appeal -- Read-alouds : 100 personal favorites -- A sampling of storytelling recordings</subfield></datafield><datafield tag="650" ind1=" " ind2="7"><subfield code="a">Storytelling</subfield><subfield code="0">(DE-Frei129)00273617</subfield><subfield code="2">local</subfield></datafield><datafield tag="650" ind1=" " ind2="7"><subfield code="a">United States</subfield><subfield code="0">(DE-Frei129)00237129</subfield><subfield code="2">local</subfield></datafield><datafield tag="650" ind1=" " ind2="7"><subfield code="a">Activity programs in education</subfield><subfield code="0">(DE-Frei129)00243272</subfield><subfield code="2">local</subfield></datafield><datafield tag="650" ind1=" " ind2="7"><subfield code="a">Storytelling in education</subfield><subfield code="0">(DE-Frei129)00755922</subfield><subfield code="2">local</subfield></datafield><datafield tag="689" ind1="0" ind2="0"><subfield code="A">s</subfield><subfield code="a">Storytelling </subfield></datafield><datafield tag="689" ind1="0" ind2="1"><subfield code="A">s</subfield><subfield code="a">United States</subfield><subfield code="5">DE-101</subfield></datafield><datafield tag="689" ind1="1" ind2="0"><subfield code="A">s</subfield><subfield code="a">Activity programs in education </subfield></datafield><datafield tag="689" ind1="1" ind2="1"><subfield code="A">s</subfield><subfield code="a">United States</subfield><subfield code="5">DE-101</subfield></datafield><datafield tag="689" ind1="2" ind2="0"><subfield code="A">s</subfield><subfield code="a">Storytelling in education</subfield><subfield code="5">DE-101</subfield></datafield><datafield tag="700" ind1="1" ind2=" "><subfield code="0">(DE-Frei129)00424025</subfield><subfield code="a">Greene, Ellin</subfield><subfield code="4">aut</subfield></datafield><datafield tag="700" ind1="1" ind2=" "><subfield code="0">(DE-Frei129)42000613</subfield><subfield code="a">Del Negro, Janice</subfield><subfield code="4">aut</subfield></datafield><datafield tag="852" ind1=" " ind2=" "><subfield code="a">Frei 129</subfield><subfield code="b">PHFR</subfield><subfield code="c">EC 8500 G799 (4)</subfield></datafield><datafield tag="980" ind1="0" ind2=" "><subfield code="a">00344859</subfield><subfield code="9">(PHFR)</subfield><subfield code="b">2.OG (35)</subfield><subfield code="c">EC 8500 G799 (4)</subfield><subfield code="d">Standardleihe (01)</subfield><subfield code="e">Verfügbar (X)</subfield></datafield></record>