
<record><leader>02567nam a2200000uuc4500</leader><controlfield tag="001">42041529</controlfield><controlfield tag="003">DE-Frei129</controlfield><controlfield tag="005">20220811084014.0</controlfield><controlfield tag="007">tu</controlfield><controlfield tag="008">140107s2010    ||||||||||||||||||||ger||</controlfield><datafield tag="035" ind1=" " ind2=" "><subfield code="a">(DE-576)1469354039</subfield></datafield><datafield tag="041" ind1=" " ind2=" "><subfield code="a">ger</subfield></datafield><datafield tag="044" ind1=" " ind2=" "><subfield code="c">XA-DE-RP</subfield></datafield><datafield tag="245" ind1="1" ind2="0"><subfield code="a">Gestationsdiabetes</subfield><subfield code="b">Schulungsprogramm zum Schwangerschaftsdiabetes</subfield><subfield code="n">Broschüre</subfield><subfield code="p">Broschüre für Arzt und Berater : zur Schulung von Patientinnen mit Gestationsdiabetes / Brigitte Leinhos ; Katja Oertel</subfield><subfield code="c">Brigitte Leinhos; Katja Oertel</subfield></datafield><datafield tag="250" ind1=" " ind2=" "><subfield code="a">2. Aufl.</subfield></datafield><datafield tag="260" ind1="3" ind2=" "><subfield code="a">Mainz</subfield><subfield code="b">Kirchheim</subfield><subfield code="c">2010</subfield></datafield><datafield tag="300" ind1=" " ind2=" "><subfield code="a">23  Seiten</subfield><subfield code="b">Ill., graph. Darst.</subfield><subfield code="e">1 Notfallkarte</subfield></datafield><datafield tag="700" ind1="1" ind2=" "><subfield code="0">(DE-588)142119865</subfield><subfield code="0">(DE-Frei129)42000469</subfield><subfield code="a">Leinhos, Brigitte</subfield><subfield code="4">aut</subfield></datafield><datafield tag="700" ind1="1" ind2=" "><subfield code="0">(DE-588)142119903</subfield><subfield code="0">(DE-Frei129)42000470</subfield><subfield code="a">Oertel, Katja</subfield><subfield code="4">aut</subfield></datafield><datafield tag="773" ind1="0" ind2="8"><subfield code="w">(DE-Frei129)42041007</subfield><subfield code="q">Broschüre</subfield></datafield><datafield tag="852" ind1=" " ind2=" "><subfield code="a">Frei 129</subfield><subfield code="b">PHFR</subfield><subfield code="c">HB Gesundheitspädagogik</subfield></datafield><datafield tag="980" ind1="0" ind2=" "><subfield code="a">00344078</subfield><subfield code="9">(PHFR)</subfield><subfield code="b">Handbibliothek (50)</subfield><subfield code="c">HB Gesundheitspädagogik</subfield><subfield code="d">Handbibliothek - nie verleihbar (54)</subfield><subfield code="e">Verfügbar (X)</subfield></datafield></record>