
<record><leader>04792nam a2200000uuc4500</leader><controlfield tag="001">42041494</controlfield><controlfield tag="003">DE-Frei129</controlfield><controlfield tag="005">20220811084014.0</controlfield><controlfield tag="007">tu</controlfield><controlfield tag="008">140102s2010    ||||||||||||||||||||ger||</controlfield><datafield tag="016" ind1="7" ind2=" "><subfield code="a">643858520</subfield><subfield code="2">DE-101</subfield></datafield><datafield tag="020" ind1=" " ind2=" "><subfield code="a">9783874094986</subfield><subfield code="9">978-3-87409-498-6</subfield><subfield code="c">kart. : EUR 9.70 (DE), sfr 17.80 (freier Pr.)</subfield></datafield><datafield tag="035" ind1=" " ind2=" "><subfield code="a">(DE-576)146930211X</subfield></datafield><datafield tag="041" ind1=" " ind2=" "><subfield code="a">ger</subfield></datafield><datafield tag="044" ind1=" " ind2=" "><subfield code="c">XA-DE-RP</subfield></datafield><datafield tag="245" ind1="1" ind2="0"><subfield code="a">MEDIAS 2 Basis Schulungskoffer</subfield><subfield code="b">mehr Diabetes-Selbstmanagement für Typ 2; Schulungs- und Behandlungsprogramm für Menschen mit Typ-2-Diabetes, die nicht Insulin spritzen; für DMPs zugelassen</subfield><subfield code="n">Leitfaden</subfield><subfield code="p">Typ-2-Diabetes selbst behandeln : ein Leitfaden für den Alltag; fit und gesund bleiben / Kulzer, B. ...</subfield><subfield code="c">Kulzer, B. ... Forschungsinstitut Diabetes</subfield></datafield><datafield tag="246" ind1="1" ind2="3"><subfield code="a">Essen nach Maß</subfield></datafield><datafield tag="246" ind1="1" ind2="3"><subfield code="a">Typ-2-Diabetes selbst kontrollieren</subfield></datafield><datafield tag="250" ind1=" " ind2=" "><subfield code="a">8. Aufl.</subfield></datafield><datafield tag="260" ind1="3" ind2=" "><subfield code="a">Mainz</subfield><subfield code="b">Kirchheim</subfield><subfield code="c">2010</subfield></datafield><datafield tag="300" ind1=" " ind2=" "><subfield code="a">192, [58]  Seiten</subfield><subfield code="b">Ill., graph. Darst.</subfield><subfield code="c">30 cm</subfield><subfield code="e">2 Beil. (58, 67 S.)</subfield></datafield><datafield tag="500" ind1=" " ind2=" "><subfield code="a">Literaturangaben. - Beil. 1 u.d.T.: Essen nach Maß. - Beil. 2. u.d.T.: Typ-2-Diabetes selbst kontrollieren</subfield></datafield><datafield tag="500" ind1=" " ind2=" "><subfield code="a">Erscheinungsjahr in Vorlageform:2010</subfield></datafield><datafield tag="650" ind1=" " ind2="7"><subfield code="a">Diabetes mellitus</subfield><subfield code="0">(DE-Frei129)00344908</subfield><subfield code="2">local</subfield></datafield><datafield tag="650" ind1=" " ind2="7"><subfield code="a">Typ 2</subfield><subfield code="0">(DE-Frei129)01718381</subfield><subfield code="2">local</subfield></datafield><datafield tag="650" ind1=" " ind2="7"><subfield code="a">Ratgeber</subfield><subfield code="0">(DE-Frei129)00240995</subfield><subfield code="2">local</subfield></datafield><datafield tag="689" ind1="0" ind2="0"><subfield code="A">s</subfield><subfield code="a">Diabetes mellitus</subfield><subfield code="5">DE-101</subfield></datafield><datafield tag="689" ind1="1" ind2="0"><subfield code="A">s</subfield><subfield code="a">Typ 2</subfield><subfield code="5">DE-101</subfield></datafield><datafield tag="689" ind1="2" ind2="0"><subfield code="A">s</subfield><subfield code="a">Ratgeber</subfield><subfield code="5">DE-101</subfield></datafield><datafield tag="700" ind1="1" ind2=" "><subfield code="0">(DE-588)123116910</subfield><subfield code="0">(DE-Frei129)00270628</subfield><subfield code="a">Kulzer, Bernhard</subfield><subfield code="4">oth</subfield></datafield><datafield tag="773" ind1="0" ind2="8"><subfield code="w">(DE-Frei129)42041006</subfield><subfield code="q">Leitfaden</subfield></datafield><datafield tag="852" ind1=" " ind2=" "><subfield code="a">Frei 129</subfield><subfield code="b">PHFR</subfield><subfield code="c">HB Gesundheitspädagogik</subfield></datafield><datafield tag="856" ind1="4" ind2=" "><subfield code="8">00</subfield><subfield code="u">http://d-nb.info/1009320807/04</subfield><subfield code="y">04 Inhaltsverzeichnis</subfield></datafield><datafield tag="856" ind1="4" ind2=" "><subfield code="8">01</subfield><subfield code="u">http://www.kirchheim-buchshop.de/buch/MEDIAS-2-Schulungskoffer.html</subfield><subfield code="y">02 Kurzbeschreibung</subfield></datafield><datafield tag="980" ind1="0" ind2=" "><subfield code="a">00343102</subfield><subfield code="9">(PHFR)</subfield><subfield code="b">Handbibliothek (50)</subfield><subfield code="c">HB Gesundheitspädagogik</subfield><subfield code="d">Handbibliothek - nie verleihbar (54)</subfield><subfield code="e">Verfügbar (X)</subfield></datafield></record>