
<record><leader>03817nam a2200000uu 4500</leader><controlfield tag="001">42041062</controlfield><controlfield tag="003">DE-Frei129</controlfield><controlfield tag="005">20220811084014.0</controlfield><controlfield tag="007">tu</controlfield><controlfield tag="008">131209s2010    |||||||||||||||||||||||||</controlfield><datafield tag="020" ind1=" " ind2=" "><subfield code="a">9780415491624</subfield><subfield code="9">9780415491624</subfield><subfield code="c">(hbk.) £70.00</subfield></datafield><datafield tag="020" ind1=" " ind2=" "><subfield code="a">0415491622</subfield><subfield code="9">0415491622</subfield><subfield code="c">(hbk.) £70.00</subfield></datafield><datafield tag="020" ind1=" " ind2=" "><subfield code="a">9780415491617</subfield><subfield code="9">9780415491617</subfield><subfield code="c">(pbk.) £19.99</subfield></datafield><datafield tag="020" ind1=" " ind2=" "><subfield code="a">0415491614</subfield><subfield code="9">0415491614</subfield><subfield code="c">(pbk.) £19.99</subfield></datafield><datafield tag="020" ind1=" " ind2=" "><subfield code="z">9780203855560(ebk</subfield><subfield code="9">9780203855560(ebk</subfield><subfield code="c">(ebk.)</subfield></datafield><datafield tag="035" ind1=" " ind2=" "><subfield code="a">(DE-576)160645689X</subfield></datafield><datafield tag="100" ind1="1" ind2=" "><subfield code="a">McGrath, Caroline</subfield><subfield code="0">(DE-Frei129)00739436</subfield></datafield><datafield tag="245" ind1="1" ind2="0"><subfield code="a">Supporting early mathematical development</subfield><subfield code="b">practical approaches to play-based learning</subfield><subfield code="c">Caroline McGrath</subfield></datafield><datafield tag="260" ind1="3" ind2=" "><subfield code="a">London [u.a.]</subfield><subfield code="b">Taylor &amp; Francis Ltd</subfield><subfield code="c">c2010</subfield></datafield><datafield tag="300" ind1=" " ind2=" "><subfield code="a">XII, 251 Seiten</subfield><subfield code="b">Ill.</subfield><subfield code="c">25 cm</subfield></datafield><datafield tag="490" ind1="0" ind2=" "><subfield code="a">David Fulton book</subfield></datafield><datafield tag="500" ind1=" " ind2=" "><subfield code="a">Formerly CIP Uk. - Includes bibliographical references and index</subfield></datafield><datafield tag="650" ind1=" " ind2="7"><subfield code="a">Mathematics</subfield><subfield code="0">(DE-Frei129)00220675</subfield><subfield code="2">local</subfield></datafield><datafield tag="650" ind1=" " ind2="7"><subfield code="a">Study and teaching (Early childhood)</subfield><subfield code="0">(DE-Frei129)00244622</subfield><subfield code="2">local</subfield></datafield><datafield tag="650" ind1=" " ind2="7"><subfield code="a">Early childhood education</subfield><subfield code="0">(DE-Frei129)00242084</subfield><subfield code="2">local</subfield></datafield><datafield tag="689" ind1="0" ind2="0"><subfield code="A">s</subfield><subfield code="a">Mathematics </subfield></datafield><datafield tag="689" ind1="0" ind2="1"><subfield code="A">s</subfield><subfield code="a">Study and teaching (Early childhood)</subfield><subfield code="5">DE-101</subfield></datafield><datafield tag="689" ind1="1" ind2="0"><subfield code="A">s</subfield><subfield code="a">Early childhood education</subfield><subfield code="5">DE-101</subfield></datafield><datafield tag="852" ind1=" " ind2=" "><subfield code="a">Frei 129</subfield><subfield code="b">PHFR</subfield><subfield code="c">Math N 810: 40</subfield></datafield><datafield tag="980" ind1="0" ind2=" "><subfield code="a">00342646</subfield><subfield code="9">(PHFR)</subfield><subfield code="b">UG (33)</subfield><subfield code="c">Math N 810: 40</subfield><subfield code="d">Standardleihe (01)</subfield><subfield code="e">Verfügbar (X)</subfield></datafield></record>