
<record><leader>06223nam a2200000uu 4500</leader><controlfield tag="001">42040838</controlfield><controlfield tag="003">DE-Frei129</controlfield><controlfield tag="005">20220811084014.0</controlfield><controlfield tag="007">tu</controlfield><controlfield tag="008">100616s2010    ||||||||||||||||||||ger||</controlfield><datafield tag="015" ind1=" " ind2=" "><subfield code="a">11,B03</subfield></datafield><datafield tag="016" ind1="7" ind2=" "><subfield code="a">100777598X</subfield><subfield code="2">DE-101</subfield></datafield><datafield tag="020" ind1=" " ind2=" "><subfield code="a">9783905684087</subfield><subfield code="9">9783905684087</subfield><subfield code="c">kart. : sfr 60.00 (freier Pr.)</subfield></datafield><datafield tag="024" ind1="3" ind2=" "><subfield code="a">9783905684087</subfield></datafield><datafield tag="035" ind1=" " ind2=" "><subfield code="a">(DE-576)628563353</subfield></datafield><datafield tag="041" ind1=" " ind2=" "><subfield code="a">ger</subfield></datafield><datafield tag="044" ind1=" " ind2=" "><subfield code="c">XA-CH</subfield><subfield code="c">XA-CH</subfield></datafield><datafield tag="245" ind1="1" ind2="0"><subfield code="a">Bildungsbericht Schweiz 2010</subfield><subfield code="c">[Autorinnen u. Autoren: Luzia Annen ...; Projektltg.: Stefan C. Wolter]. Schweizerische Koordinationsstelle für Bildungsforschung</subfield></datafield><datafield tag="260" ind1="3" ind2=" "><subfield code="a">Aarau</subfield><subfield code="b">SKBF</subfield><subfield code="c">2010</subfield></datafield><datafield tag="300" ind1=" " ind2=" "><subfield code="a">316 Seiten</subfield><subfield code="b">Ill., graph. Darst.</subfield><subfield code="c">30 cm</subfield></datafield><datafield tag="500" ind1=" " ind2=" "><subfield code="a">Literaturangaben</subfield></datafield><datafield tag="500" ind1=" " ind2=" "><subfield code="a">IMD-Felder maschinell generiert (GBV)</subfield></datafield><datafield tag="650" ind1=" " ind2="7"><subfield code="a">Bildungswesen</subfield><subfield code="0">(DE-Frei129)00003927</subfield><subfield code="0">(DE-588)4006681-2</subfield><subfield code="2">gnd</subfield></datafield><datafield tag="651" ind1=" " ind2="7"><subfield code="a">Schweiz</subfield><subfield code="0">(DE-Frei129)00021781</subfield><subfield code="0">(DE-588)4053881-3</subfield><subfield code="2">gnd</subfield></datafield><datafield tag="689" ind1="0" ind2="0"><subfield code="0">(DE-588)4006681-2</subfield><subfield code="D">s</subfield><subfield code="a">Bildungswesen </subfield></datafield><datafield tag="689" ind1="0" ind2="1"><subfield code="0">(DE-588)4053881-3</subfield><subfield code="D">g</subfield><subfield code="a">Schweiz</subfield><subfield code="5">DE-101</subfield></datafield><datafield tag="700" ind1="1" ind2=" "><subfield code="0">(DE-Frei129)42000413</subfield><subfield code="a">Annen, Luzia</subfield><subfield code="4">oth</subfield></datafield><datafield tag="700" ind1="1" ind2=" "><subfield code="0">(DE-588)171564200</subfield><subfield code="0">(DE-Frei129)58132346</subfield><subfield code="a">Wolter, Stefan C.</subfield><subfield code="4">Hrsg.</subfield></datafield><datafield tag="700" ind1="1" ind2=" "><subfield code="0">(DE-Frei129)01052650</subfield><subfield code="a">Denzler, Stefan</subfield><subfield code="4">oth</subfield></datafield><datafield tag="700" ind1="1" ind2=" "><subfield code="0">(DE-Frei129)01201419</subfield><subfield code="a">Diem, Andrea</subfield><subfield code="4">oth</subfield></datafield><datafield tag="700" ind1="1" ind2=" "><subfield code="0">(DE-Frei129)00071279</subfield><subfield code="a">Grossenbacher, Silvia</subfield><subfield code="4">oth</subfield></datafield><datafield tag="700" ind1="1" ind2=" "><subfield code="0">(DE-Frei129)01201420</subfield><subfield code="a">Hof, Stefanie</subfield><subfield code="4">oth</subfield></datafield><datafield tag="700" ind1="1" ind2=" "><subfield code="0">(DE-Frei129)01052653</subfield><subfield code="a">Kull, Miriam</subfield><subfield code="4">oth</subfield></datafield><datafield tag="700" ind1="1" ind2=" "><subfield code="0">(DE-Frei129)00082628</subfield><subfield code="a">Vögeli-Mantovani, Urs</subfield><subfield code="4">oth</subfield></datafield><datafield tag="700" ind1="1" ind2=" "><subfield code="0">(DE-588)134225368</subfield><subfield code="0">(DE-Frei129)01201355</subfield><subfield code="a">Cattaneo, Maria Alejandra</subfield><subfield code="4">oth</subfield></datafield><datafield tag="710" ind1="2" ind2=" "><subfield code="0">(DE-Frei129)00001901</subfield><subfield code="0">(DE-588)75431-6</subfield><subfield code="a">Schweizerische Koordinationsstelle für Bildungsforschung (Aarau)</subfield><subfield code="4">oth</subfield></datafield><datafield tag="776" ind1="0" ind2="8"><subfield code="a">[SKBF, Schweizerische Koordinationsstelle für Bildungsforschung. Projektleitung: Stefan C. Wolter. Autorinnen und Autoren: Luzia Annen und 8 andere]</subfield><subfield code="i">Erscheint auch als Online-Ausgabe</subfield><subfield code="t">Bildungsbericht Schweiz 2010</subfield><subfield code="w">(DE-Frei129)03867683</subfield><subfield code="w">(DE-576)1654789593</subfield></datafield><datafield tag="852" ind1=" " ind2=" "><subfield code="a">Frei 129</subfield><subfield code="b">PHFR</subfield><subfield code="c">Paed E 230: 48,2010</subfield></datafield><datafield tag="856" ind1="4" ind2=" "><subfield code="8">00</subfield><subfield code="u">http://external.dandelon.com/download/attachments/dandelon/ids/CH0014AC7915C84C89F88C12576CB006A7FE8.pdf</subfield><subfield code="y">Inhaltsverzeichnis</subfield></datafield><datafield tag="856" ind1="4" ind2=" "><subfield code="8">01</subfield><subfield code="u">https://external.dandelon.com/download/attachments/dandelon/ids/CH0014AC7915C84C89F88C12576CB006A7FE8.pdf</subfield><subfield code="y">Inhaltsverzeichnis</subfield></datafield><datafield tag="980" ind1="0" ind2=" "><subfield code="a">00342540</subfield><subfield code="9">(PHFR)</subfield><subfield code="b">EG-Anbau (32)</subfield><subfield code="c">Paed E 230: 48,2010</subfield><subfield code="d">Standardleihe (01)</subfield><subfield code="e">Verfügbar (X)</subfield></datafield></record>