
<record><leader>10016ncm a2200000uuc4500</leader><controlfield tag="001">42040794</controlfield><controlfield tag="003">DE-Frei129</controlfield><controlfield tag="005">20220811084014.0</controlfield><controlfield tag="007">qu</controlfield><controlfield tag="008">131120s2010    ||||||||||||||||||||ger||</controlfield><datafield tag="020" ind1=" " ind2=" "><subfield code="a">9783850615655</subfield><subfield code="9">978-3-85061-565-5</subfield></datafield><datafield tag="035" ind1=" " ind2=" "><subfield code="a">(DE-576)1466916745</subfield></datafield><datafield tag="041" ind1=" " ind2=" "><subfield code="a">ger</subfield></datafield><datafield tag="044" ind1=" " ind2=" "><subfield code="c">XA-AT</subfield></datafield><datafield tag="245" ind1="1" ind2="0"><subfield code="a">Singen wir im Schein der Kerzen</subfield><subfield code="b">das Weihnachts- und Winterliederbuch</subfield><subfield code="n">Buch</subfield><subfield code="c">Lorenz Maierhofer; Walter Kern; Renate Kern</subfield></datafield><datafield tag="250" ind1=" " ind2=" "><subfield code="a">2. Aufl.</subfield></datafield><datafield tag="260" ind1="3" ind2=" "><subfield code="a">Rum</subfield><subfield code="b">Helbling</subfield><subfield code="c">2010</subfield></datafield><datafield tag="300" ind1=" " ind2=" "><subfield code="a">232  Seiten</subfield></datafield><datafield tag="300" ind1=" " ind2=" "><subfield code="b">zahlr. Ill., Noten</subfield></datafield><datafield tag="500" ind1=" " ind2=" "><subfield code="a">IMD-Felder und 1131 maschinell ergänzt</subfield></datafield><datafield tag="520" ind1=" " ind2=" "><subfield code="a">Enth.: A, a, a. Abeeyo, it’s Christmas. Advent is a Leuchtn. Advent ist ein Leuchten. Adventjodler. Adventskranz. Alle Jahre wieder tragen den Stern wir aus. Als ich bei meinen Schafen wacht. Amen, he’s born in Bethlehem. Am Tage von St. Barbara. Andachtsjodler. Auf zur Schlittenfahrt. Ba du ba du dum. Bajuschki, baju. Christmas is coming (Kanon). Christmas is my time to dream. Come, they told me. Damals vor zweitausend Jahr. Das alte ist vergangen. Dashing through the snow. Das ist die stillste Zeit im Jahr. Das kleine Licht (Mini-Musical). Das lächelnde Christkind (Mini-Musical). Das Licht erleuchte (Bewegungslied). Das Täubchen des Friedens (Musikalisches Märchen). Das Weihnachtsfest ist nicht mehr fern. December again. Der Bratapfel. Der Liedkalender im Advent. Der Mann mit Bart und Bischofsstab (Mini-Musical). Der Trommelmann. Die Blumen blühn überall gleich. Die Geschichte von Qinghai. Die Hirtenflöte. Die kleine Keksemaus. Die Menschen sind alle verschieden. Die stillste Zeit. Die Stunde mit dir. Der „Weihnachtslieder-Band“. Die Weihnachtsnacht. Djo djoiri. Djodiri. Dort beim Stall von Bethlehem (Bewegungslied). Down in Bethlehem. Draußen ist’s dunkel. Du und ich (Kanon). Ein Stück für dich. Eine Banane. Eine Tasse Tee zur Winterszeit (Bewegungslied). Einkehr. Eisblumen am Fenster. Elche traben weit über’s Land. Engel gucken schon um’s Eck. Engel haben Himmelslieder angestimmt. Engel singen Jubellieder. Es ist da, unser Christuskind. Es ist für uns eine Zeit angekommen. Es ist so kalt. Es ist wieder Winterszeit. Es naht ein Licht. Es sahen drei Eulen den Weihnachtsstern. Es war vor langer Zeit. Es wird scho glei dumper. Feliz Navidad (Bewegungslied). Finster und går kålt (Liedgeschichte). Folgen wir den Hirten. Frau Holle (Bewegungslied). Freude, Freude (Kanon). Freu dich, o Erd. Frieden. Frieden wünsch ich dir. Friedenslied. Frohe Weihnacht! Frohe Weihnacht, merry Christmas. Frohe Weihnacht, wunderbar. Fröhlich ist die Weihnachtszeit. Fröhliche Weihnacht. Fröhliche Weihnacht überall. Fruit salad rap. Gar leise fallen Flocken. Gatatumba. Gern zünden das erste Licht wir an. Go, tell it on the mountain. Gott kam zu uns. Halleluja, der Herr ist nah. Hambani kahle. Happy and free. Heilges Licht von Bethlehem. Hello, how are you? (Kanon/Bewegungslied). Her Winter stammt von Kaukasus. Hitabuam und Hiatamadln (Bewegungslied). Hineh mah tov (Kanon). Hinter dem Berg ist Bethlehem. Hör in den Klang der Stille. Höret die Weihnachtsgeschichte (Singspiel). Hört ihr alle Glocken läuten? Ich bin heut Morgen aufgewacht. Ich denk im Advent hinaus. Ich liebe mein Zuhause. Ich reich dir gerne meine Hand (Bewegungslied). Ich glaub, dass mancher sie wohl kennt. Ihr Kinderlein, kommet. Il est né, le divin enfant. I’m a little teapot (Bewegungslied). Im Schein der Kerze. Im Vogelfutterhaus (Bewegungslied). Immer, wenn es Weihnacht wird. In der Abendstunde im Advent. In der Dunkelheit. In der Weihnachtsbäckerei. In der Weihnachtsnacht (Bewegungslied). In einem kleinen Apfel. Ja, höret die Geschichte. Jetzt fången wir zum Singen ån. Jetzt san die Tåg scho kürzer wordn. Jingle bells. Josef, lieber Josef mein (Liedgeschichte). Joyful, joyful (Kanon). Joy to the world. Katzen-Dackel-Fußball. Kerzenlichter wollen leuchten. Kinderaugen leuchten. Kinder, kommt und ratet. Kinder tragen Licht ins Dunkel. Kirchberger Hirtenlied (Liedgeschichte). Klatschen zwei und zwei Hirten (Bewegungslied). Kleine Kinder, große Kinder. Kling, Glöckchen, kling. Kling, klang, Nikolaus. Klingelingeling. Klingelingeling, liebes Christkind. Komm, wir gehen nach Bethlehem. Lasst Frieden ziehn (Kanon). Lasst uns froh und munter sein. Lausche in die Nacht. Lauschet, höret in die Stille. Lebe in Frieden (Kanon). Leise rieselt der Schnee. Let’s sing a song of Christmas. Leuchte, mein Licht. Liebe ist der Anfang des Friedens. Live in peace (Kanon). Love leads to peace. Mache dich auf und werde Licht. Macht euch bereit. Maria durch ein Dornwald ging. Markt und Straßen. Masithi. Mein Dackel wünscht sich. Mein kleiner Weihnachtskuschelbär. Mein kleines Lied. Mein Kuscheltier (Bewegungslied). Mein Weihnachtsstern. Merry, merry Christmas. (Bewegungslied). Midnatt. Mitternacht. Morgen, Kinder, wird’s was geben. Nacht war’s. Neulich in der Bärenhöhle (Sprechstück). Nimm Zeit dir nachzudenken. Nu är det jul igen. Nun kommet alle zur Krippe. O Jubel, o Freud. O Tannenbaum. Oh du fröhliche. Oh du stille laute Zeit. Oh happy day. Oh, in dunkler Nacht. Oh, wie duftet es heut fein. Om shanti om. O santissimo natale. Platz da! (Bewegungslied). Ringedingeding (Bewegungslied). Rudolf hat es eilig. Sana, sananina (Bewegungslied). Schau den Menschen nur in ihre Augen. Schlaf, schlaf, holdseliges Jesulein. Schneeflöckchen weiß. Schneeflöckchen, Weißröckchen. Schneeflocken tanzen. Schneemann und Schneefrau. Seht den Stern der Freude (Musikalische Szene für Sternsinger). Sehr nur, wie die Sterne funkeln. Seht, wie das kleine Licht. Seid bitte still und lauscht. Señora Doña Maria. Shalom chaverim (Kanon). Singe im Advent. Sing ma im Advent. Singen wir im Schein der Kerzen. ’s ist Advent (Kanon/Lichtertanz/Liedgeschichte). Spuren im Schnee. Stern über Bethlehem. Sternreiselied. Still senkt sich die Nacht hernieder. Stille Nacht, heilige Nacht. Südtiroler Mettenjodler. Sunny light of Bethlehem. Süßer die Glocken nie klingen. Tanz um den Adventskranz. The light shall brighten. The little drummer boy. The yummy Christmas tree (Bewegungslied). This is the night. This little light of mine. Tiere lieben Wintersport (Sprechstück). Tochter Zion. Uah, bin ich müde! Ubi caritas (Bewegungslied). Unser kleiner Stern (Mini-Musical). Uyingcwele baba. Vamos pastorcillos. Venite adoriamo. Vitamine cha-ch-cha. Vom Frieden reden. Vom Himmel hoch. Warum zünden wir Lichter an. Was der Winter alles kann. We wish you a merry Christmas. Weihnacht ist auch für mich. Weihnacht ist wieder über’m Land (Kanon/Bewegungslied). Weihnacht Gestern – Heute. Weihnachten ist gekommen. Weihnachtsmarkt (Bewegungslied). Weihnachtsmäusezeit (Liedgeschichte). Weihnachtsmäuse, trippel, trippel (Liedgeschichte). Weihnachtswünsche-Rap. Weihnachtswünsche-Roboter. Weihnachtszeit, Weihnachtszeit. Weit ist der Weg (Liedgeschichte). Weit, weit weg. Wenn am Kranz die erste Kerze brennt (Liedgeschichte). Wenn es dunkelt. Wenn es geschneit hat. Wer klopfet an? (Liedgeschichte). Wieder naht der heilge Stern. Winter hüllt ein Stadt und Land. Winter is wieder im Lånd. Winter ist’s! Winter-Rap. Wir haben einen großen Schneemann uns gebaut. Wir lassen die Kraniche fliegen. Wir sagen euch an den lieben Advent. Wir sind auf dem Weg zur Krippe. Wir wünschen frohe Weihnacht. Wirf einen Blick aus dem Fenster. Wisst ihr, was die Frösche am Weihnachtsabend machen. Yoshie, der lebt in Japan. You’re a friend. You are holy my Lord. Zumba, zumba, welch ein Singen. Zum Glück gibt es Helfende</subfield></datafield><datafield tag="700" ind1="1" ind2=" "><subfield code="0">(DE-588)129591149</subfield><subfield code="0">(DE-Frei129)00100221</subfield><subfield code="a">Maierhofer, Lorenz</subfield><subfield code="4">aut</subfield></datafield><datafield tag="700" ind1="1" ind2=" "><subfield code="0">(DE-588)129591173</subfield><subfield code="0">(DE-Frei129)00704467</subfield><subfield code="a">Kern, Walter</subfield><subfield code="4">aut</subfield></datafield><datafield tag="700" ind1="1" ind2=" "><subfield code="0">(DE-588)135987555</subfield><subfield code="0">(DE-Frei129)00267838</subfield><subfield code="a">Kern, Renate</subfield><subfield code="4">aut</subfield></datafield><datafield tag="773" ind1="0" ind2="8"><subfield code="w">(DE-Frei129)11005548</subfield><subfield code="q">Buch</subfield></datafield><datafield tag="852" ind1=" " ind2=" "><subfield code="a">Frei 129</subfield><subfield code="b">PHFR</subfield><subfield code="c">LS 51290 M217 (2)</subfield></datafield><datafield tag="980" ind1="0" ind2=" "><subfield code="a">00342198</subfield><subfield code="9">(PHFR)</subfield><subfield code="b">Handbibliothek (50)</subfield><subfield code="c">Mus P 550: 13</subfield><subfield code="d">Handbibliothek - nie verleihbar (54)</subfield><subfield code="e">zur Zeit vermißt (M)</subfield></datafield></record>