
<record><leader>05445nam a2200000uu 4500</leader><controlfield tag="001">42040248</controlfield><controlfield tag="003">DE-Frei129</controlfield><controlfield tag="005">20220811084014.0</controlfield><controlfield tag="007">tu</controlfield><controlfield tag="008">101215s2010    ||||||||||||||||||||ger||</controlfield><datafield tag="015" ind1=" " ind2=" "><subfield code="a">10,B51</subfield></datafield><datafield tag="016" ind1="7" ind2=" "><subfield code="a">1008702609</subfield><subfield code="2">DE-101</subfield></datafield><datafield tag="020" ind1=" " ind2=" "><subfield code="a">9783830809319</subfield><subfield code="9">9783830809319</subfield><subfield code="c">kart. : EUR 9.00 (DE)</subfield></datafield><datafield tag="024" ind1="3" ind2=" "><subfield code="a">9783830809319</subfield></datafield><datafield tag="035" ind1=" " ind2=" "><subfield code="a">(DE-576)641775687</subfield></datafield><datafield tag="041" ind1=" " ind2=" "><subfield code="a">ger</subfield></datafield><datafield tag="044" ind1=" " ind2=" "><subfield code="c">XA-DE-NW</subfield></datafield><datafield tag="100" ind1="1" ind2=" "><subfield code="a">Freier, Mechthild</subfield><subfield code="0">(DE-Frei129)00121161</subfield></datafield><datafield tag="245" ind1="1" ind2="0"><subfield code="a">So schmeckt mir Werbung</subfield><subfield code="b">Baustein zur Verbraucherbildung für die Klassen 3 - 6</subfield><subfield code="c">[Hrsg. vom aid infodienst Ernährung, Landwirtschaft, Verbraucherschutz e.V., Kooperationspartner: Verbraucherzentrale NRW e.V., Konzeption und Text: Mechthild Freier]</subfield></datafield><datafield tag="260" ind1="3" ind2=" "><subfield code="a">Bonn</subfield><subfield code="b">aid infodienst Ernährung, Landwirtschaft, Verbraucherschutz e. V.</subfield><subfield code="c">2010</subfield></datafield><datafield tag="300" ind1=" " ind2=" "><subfield code="a">91 Seiten</subfield><subfield code="b">Ill., graph. Darst</subfield><subfield code="c">30 cm</subfield></datafield><datafield tag="490" ind1="1" ind2=" "><subfield code="a">aid </subfield><subfield code="v">3972</subfield></datafield><datafield tag="500" ind1=" " ind2=" "><subfield code="a">Literaturangaben</subfield></datafield><datafield tag="500" ind1=" " ind2=" "><subfield code="a">IMD-Felder maschinell generiert (GBV)</subfield></datafield><datafield tag="650" ind1=" " ind2="7"><subfield code="a">Grundschule</subfield><subfield code="0">(DE-Frei129)00010240</subfield><subfield code="0">(DE-588)4022349-8</subfield><subfield code="2">gnd</subfield></datafield><datafield tag="650" ind1=" " ind2="7"><subfield code="a">Verbrauchererziehung</subfield><subfield code="0">(DE-Frei129)00033170</subfield><subfield code="0">(DE-588)4078779-5</subfield><subfield code="2">gnd</subfield></datafield><datafield tag="650" ind1=" " ind2="7"><subfield code="a">GrundschullehrerInnen, Multiplikatoren</subfield><subfield code="0">(DE-Frei129)14850882</subfield><subfield code="2">local</subfield></datafield><datafield tag="650" ind1=" " ind2="7"><subfield code="a">Paperback</subfield><subfield code="x">softback</subfield><subfield code="0">(DE-Frei129)02516355</subfield><subfield code="2">local</subfield></datafield><datafield tag="689" ind1="0" ind2="0"><subfield code="0">(DE-588)4022349-8</subfield><subfield code="D">s</subfield><subfield code="a">Grundschule </subfield></datafield><datafield tag="689" ind1="0" ind2="1"><subfield code="0">(DE-588)4078779-5</subfield><subfield code="D">s</subfield><subfield code="a">Verbrauchererziehung</subfield><subfield code="5">DE-101</subfield></datafield><datafield tag="689" ind1="1" ind2="0"><subfield code="A">s</subfield><subfield code="a">GrundschullehrerInnen, Multiplikatoren</subfield><subfield code="5">DE-101</subfield></datafield><datafield tag="689" ind1="2" ind2="0"><subfield code="A">s</subfield><subfield code="a">Paperback / softback</subfield><subfield code="5">DE-101</subfield></datafield><datafield tag="710" ind1="2" ind2=" "><subfield code="0">(DE-Frei129)26046800</subfield><subfield code="0">(DE-588)10036204-7</subfield><subfield code="a">Aid Infodienst Ernährung, Landwirtschaft Verbraucherschutz</subfield><subfield code="4">oth</subfield></datafield><datafield tag="710" ind1="2" ind2=" "><subfield code="0">(DE-Frei129)00377857</subfield><subfield code="0">(DE-588)2031468-1</subfield><subfield code="a">Verbraucherzentrale Nordrhein-Westfalen</subfield><subfield code="4">oth</subfield></datafield><datafield tag="830" ind1=" " ind2="0"><subfield code="a">AID</subfield><subfield code="v">3972</subfield><subfield code="w">(DE-Frei129)00083851</subfield><subfield code="9">43972</subfield></datafield><datafield tag="852" ind1=" " ind2=" "><subfield code="a">Frei 129</subfield><subfield code="b">PHFR</subfield><subfield code="c">ZE 70000 F862</subfield></datafield><datafield tag="856" ind1="4" ind2=" "><subfield code="8">00</subfield><subfield code="u">https://external.dandelon.com/download/attachments/dandelon/ids/CH0026BCC0088383D4F54C125817100393D64.pdf</subfield><subfield code="y">Inhaltsverzeichnis</subfield></datafield><datafield tag="980" ind1="0" ind2=" "><subfield code="a">00341220</subfield><subfield code="9">(PHFR)</subfield><subfield code="b">Handbibliothek (50)</subfield><subfield code="c">HTW E 200: 110</subfield><subfield code="d">Handbibliothek - nie verleihbar (54)</subfield><subfield code="e">Verfügbar (X)</subfield></datafield></record>