
<record><leader>03254nam a2200000uu 4500</leader><controlfield tag="001">42040096</controlfield><controlfield tag="003">DE-Frei129</controlfield><controlfield tag="005">20220811084014.0</controlfield><controlfield tag="007">tu</controlfield><controlfield tag="008">100810s2010    ||||||||||||||||||||ger||</controlfield><datafield tag="024" ind1="3" ind2=" "><subfield code="a">9783491770157</subfield></datafield><datafield tag="035" ind1=" " ind2=" "><subfield code="a">(DE-576)139741443X</subfield></datafield><datafield tag="041" ind1=" " ind2=" "><subfield code="a">ger</subfield></datafield><datafield tag="100" ind1="1" ind2=" "><subfield code="a">Staubli, Thomas</subfield><subfield code="0">(DE-Frei129)00089635</subfield><subfield code="0">(DE-588)115522018</subfield><subfield code="4">aut</subfield></datafield><datafield tag="245" ind1="1" ind2="0"><subfield code="a">Begleiter durch das erste Testament</subfield><subfield code="c">Thomas Staubli. Mit Bildern von Gabriela Zumstein-Hochreutener</subfield></datafield><datafield tag="250" ind1=" " ind2=" "><subfield code="a">4. Aufl.</subfield></datafield><datafield tag="260" ind1="3" ind2=" "><subfield code="a">Düsseldorf</subfield><subfield code="b">Patmos-Verl.</subfield><subfield code="c">2010</subfield></datafield><datafield tag="300" ind1=" " ind2=" "><subfield code="a">378  Seiten</subfield><subfield code="b">Ill., graph. Darst., Kt.</subfield></datafield><datafield tag="500" ind1=" " ind2=" "><subfield code="a">5090 S2UB/sred; 5090 ddsu, sred</subfield></datafield><datafield tag="630" ind1="0" ind2="7"><subfield code="a">Bibel</subfield><subfield code="0">(DE-Frei129)02358228</subfield><subfield code="0">(DE-588)104603666</subfield><subfield code="2">gnd</subfield></datafield><datafield tag="650" ind1=" " ind2="7"><subfield code="a">Einleitung</subfield><subfield code="0">(DE-Frei129)00055978</subfield><subfield code="0">(DE-588)4151352-6</subfield><subfield code="2">gnd</subfield></datafield><datafield tag="689" ind1="0" ind2="0"><subfield code="0">(DE-588)104603666</subfield><subfield code="D">u</subfield><subfield code="a">Bibel</subfield><subfield code="5">DE-101</subfield></datafield><datafield tag="689" ind1="1" ind2="0"><subfield code="0">(DE-588)104603666</subfield><subfield code="D">u</subfield><subfield code="a">Bibel </subfield></datafield><datafield tag="689" ind1="1" ind2="1"><subfield code="0">(DE-588)4151352-6</subfield><subfield code="D">s</subfield><subfield code="a">Einleitung</subfield><subfield code="5">DE-101</subfield></datafield><datafield tag="700" ind1="1" ind2=" "><subfield code="0">(DE-Frei129)00465169</subfield><subfield code="a">Zumstein-Hochreutener, Gabriele</subfield><subfield code="4">ill</subfield></datafield><datafield tag="852" ind1=" " ind2=" "><subfield code="a">Frei 129</subfield><subfield code="b">PHFR</subfield><subfield code="c">BC 6025 S798 (4)</subfield></datafield><datafield tag="980" ind1="0" ind2=" "><subfield code="a">00340662</subfield><subfield code="9">(PHFR)</subfield><subfield code="b">Handbibliothek (50)</subfield><subfield code="c">Theo D 140: 44</subfield><subfield code="d">Handbibliothek - nie verleihbar (54)</subfield><subfield code="e">Verfügbar (X)</subfield></datafield></record>