
<record><leader>04077nam a2200000uu 4500</leader><controlfield tag="001">42040012</controlfield><controlfield tag="003">DE-Frei129</controlfield><controlfield tag="005">20220811084014.0</controlfield><controlfield tag="007">tu</controlfield><controlfield tag="008">130927s2010    ||||||||||||||||||||eng||</controlfield><datafield tag="020" ind1=" " ind2=" "><subfield code="a">9789048143986</subfield><subfield code="9">9789048143986</subfield></datafield><datafield tag="035" ind1=" " ind2=" "><subfield code="a">(DE-576)1463875754</subfield></datafield><datafield tag="041" ind1=" " ind2=" "><subfield code="a">eng</subfield></datafield><datafield tag="245" ind1="1" ind2="0"><subfield code="a">Concepts and measurement of quality of life in health care</subfield><subfield code="c">ed. by Lennart Nordenfelt</subfield></datafield><datafield tag="260" ind1="3" ind2=" "><subfield code="a">Dordrecht [u.a.]</subfield><subfield code="b">Kluwer Academic Publ.</subfield><subfield code="c">2010</subfield></datafield><datafield tag="300" ind1=" " ind2=" "><subfield code="a">VIII, 283 Seiten</subfield><subfield code="b">graph. Darst.</subfield><subfield code="c">23 cm</subfield></datafield><datafield tag="490" ind1="1" ind2=" "><subfield code="a">Philosophy and medicine </subfield><subfield code="v">47</subfield></datafield><datafield tag="490" ind1="1" ind2=" "><subfield code="a">European studies in philosophy of medicine </subfield><subfield code="v">1 = 47 [d. Gesamtw.]</subfield></datafield><datafield tag="650" ind1=" " ind2="7"><subfield code="a">Medizin</subfield><subfield code="0">(DE-Frei129)00001760</subfield><subfield code="0">(DE-588)4038243-6</subfield><subfield code="2">gnd</subfield></datafield><datafield tag="650" ind1=" " ind2="7"><subfield code="a">Lebensqualität</subfield><subfield code="0">(DE-Frei129)00015101</subfield><subfield code="0">(DE-588)4034922-6</subfield><subfield code="2">gnd</subfield></datafield><datafield tag="650" ind1=" " ind2="7"><subfield code="a">Bewertung</subfield><subfield code="0">(DE-Frei129)00003720</subfield><subfield code="0">(DE-588)4006340-9</subfield><subfield code="2">gnd</subfield></datafield><datafield tag="689" ind1="0" ind2="0"><subfield code="0">(DE-588)4038243-6</subfield><subfield code="D">s</subfield><subfield code="a">Medizin </subfield></datafield><datafield tag="689" ind1="0" ind2="1"><subfield code="0">(DE-588)4034922-6</subfield><subfield code="D">s</subfield><subfield code="a">Lebensqualität </subfield></datafield><datafield tag="689" ind1="0" ind2="2"><subfield code="0">(DE-588)4006340-9</subfield><subfield code="D">s</subfield><subfield code="a">Bewertung</subfield><subfield code="5">DE-101</subfield></datafield><datafield tag="700" ind1="1" ind2=" "><subfield code="0">(DE-588)17228726X</subfield><subfield code="0">(DE-Frei129)42000044</subfield><subfield code="a">Nordenfelt, Lennart</subfield><subfield code="4">Hrsg.</subfield></datafield><datafield tag="830" ind1=" " ind2="0"><subfield code="a">Philosophy and medicine</subfield><subfield code="v">47</subfield><subfield code="w">(DE-Frei129)01518442</subfield><subfield code="9">247</subfield></datafield><datafield tag="830" ind1=" " ind2="0"><subfield code="a">Philosophy and medicine</subfield><subfield code="v">1 = 47 [d. Gesamtw.]</subfield><subfield code="w">(DE-Frei129)58308179</subfield><subfield code="9">11 = 247 d</subfield></datafield><datafield tag="852" ind1=" " ind2=" "><subfield code="a">Frei129</subfield><subfield code="c">Bio E 660: 72</subfield></datafield><datafield tag="856" ind1="4" ind2=" "><subfield code="8">00</subfield><subfield code="u">http://swbplus.bsz-bw.de/bsz39387575xcov.htm</subfield><subfield code="y">Cover (nicht 94)</subfield></datafield><datafield tag="980" ind1="0" ind2=" "><subfield code="a">00340014</subfield><subfield code="9">(PHFR)</subfield><subfield code="b">Handbibliothek (50)</subfield><subfield code="c">Bio E 660: 72</subfield><subfield code="d">Handbibliothek - nie verleihbar (54)</subfield><subfield code="e">Nicht im Regal</subfield></datafield></record>