
<record><leader>02826nam a2200000uu 4500</leader><controlfield tag="001">42039888</controlfield><controlfield tag="003">DE-Frei129</controlfield><controlfield tag="005">20220811084014.0</controlfield><controlfield tag="007">tu</controlfield><controlfield tag="008">130912s2010    ||||||||||||||||||||eng||</controlfield><datafield tag="020" ind1=" " ind2=" "><subfield code="a">9781484931585</subfield><subfield code="9">978-148-49-3158-5</subfield></datafield><datafield tag="035" ind1=" " ind2=" "><subfield code="a">(DE-576)1463459521</subfield></datafield><datafield tag="041" ind1=" " ind2=" "><subfield code="a">eng</subfield></datafield><datafield tag="100" ind1="1" ind2=" "><subfield code="a">Holden, Debra J.</subfield><subfield code="0">(DE-Frei129)42000076</subfield></datafield><datafield tag="245" ind1="1" ind2="0"><subfield code="a">Enhancing the use and quality of colorectal cancer screening</subfield><subfield code="c">Prep. by RTI International. Investitgators: Debra J. Holden ...</subfield></datafield><datafield tag="260" ind1="3" ind2=" "><subfield code="a">Rockville, MD</subfield><subfield code="b">AHRQ</subfield><subfield code="c">2010</subfield></datafield><datafield tag="300" ind1=" " ind2=" "><subfield code="a">X, 195, 2, 5, 399, 25, 1, 5  Seiten , 4 [ Blatt ]</subfield><subfield code="b">graph. Darst</subfield></datafield><datafield tag="490" ind1="1" ind2=" "><subfield code="a">Evidence Report/Technology Assessment </subfield><subfield code="v">190</subfield></datafield><datafield tag="490" ind1="1" ind2=" "><subfield code="a">AHRQ publication </subfield><subfield code="v">10-E002</subfield></datafield><datafield tag="710" ind1="2" ind2=" "><subfield code="0">(DE-Frei129)00163176</subfield><subfield code="0">(DE-588)10123182-9</subfield><subfield code="a">RTI International (Research Triangle Park, NC)</subfield><subfield code="4">oth</subfield></datafield><datafield tag="830" ind1=" " ind2="0"><subfield code="a">Evidence report, technology assessment</subfield><subfield code="v">190</subfield><subfield code="w">(DE-Frei129)42039966</subfield><subfield code="9">3190</subfield></datafield><datafield tag="830" ind1=" " ind2="0"><subfield code="a">AHRQ publication</subfield><subfield code="v">10-E002</subfield><subfield code="w">(DE-Frei129)42039967</subfield><subfield code="9">210</subfield></datafield><datafield tag="852" ind1=" " ind2=" "><subfield code="a">Frei129</subfield><subfield code="c">Bio E 630: 307</subfield></datafield><datafield tag="980" ind1="0" ind2=" "><subfield code="a">00340042</subfield><subfield code="9">(PHFR)</subfield><subfield code="b">Handbibliothek (50)</subfield><subfield code="c">Bio E 630: 307</subfield><subfield code="d">Handbibliothek - nie verleihbar (54)</subfield><subfield code="e">Verfügbar (X)</subfield></datafield></record>