
<record><leader>04733nam a2200000uu 4500</leader><controlfield tag="001">42039863</controlfield><controlfield tag="003">DE-Frei129</controlfield><controlfield tag="005">20220811084014.0</controlfield><controlfield tag="007">tu</controlfield><controlfield tag="008">101129s2010    ||||||||||||||||||||ger||</controlfield><datafield tag="020" ind1=" " ind2=" "><subfield code="a">9783518286456</subfield><subfield code="9">9783518286456</subfield></datafield><datafield tag="035" ind1=" " ind2=" "><subfield code="a">(DE-576)1606657666</subfield></datafield><datafield tag="041" ind1=" " ind2=" "><subfield code="a">ger</subfield></datafield><datafield tag="100" ind1="1" ind2=" "><subfield code="a">Hirschauer, Stefan</subfield><subfield code="0">(DE-Frei129)00099489</subfield><subfield code="0">(DE-588)115727345</subfield><subfield code="4">aut</subfield></datafield><datafield tag="245" ind1="1" ind2="4"><subfield code="a">Die soziale Konstruktion der Transsexualität</subfield><subfield code="b">über die Medizin und den Geschlechtswechsel</subfield><subfield code="c">Stefan Hirschauer</subfield></datafield><datafield tag="250" ind1=" " ind2=" "><subfield code="a">[Nachdr.]</subfield></datafield><datafield tag="260" ind1="3" ind2=" "><subfield code="a">Frankfurt am Main</subfield><subfield code="b">Suhrkamp</subfield><subfield code="c">2010</subfield></datafield><datafield tag="300" ind1=" " ind2=" "><subfield code="a">III, 364 Seiten</subfield></datafield><datafield tag="490" ind1="0" ind2=" "><subfield code="a">Suhrkamp-Taschenbuch Wissenschaft </subfield><subfield code="v">1045</subfield></datafield><datafield tag="650" ind1=" " ind2="7"><subfield code="a">Geschlechtsumwandlung</subfield><subfield code="0">(DE-Frei129)00058345</subfield><subfield code="0">(DE-588)4157015-7</subfield><subfield code="2">gnd</subfield></datafield><datafield tag="650" ind1=" " ind2="7"><subfield code="a">Ärztliche Behandlung</subfield><subfield code="0">(DE-Frei129)00053126</subfield><subfield code="0">(DE-588)4198233-2</subfield><subfield code="2">gnd</subfield></datafield><datafield tag="650" ind1=" " ind2="7"><subfield code="a">Transsexualität</subfield><subfield code="0">(DE-Frei129)00069209</subfield><subfield code="0">(DE-588)4185937-6</subfield><subfield code="2">gnd</subfield></datafield><datafield tag="650" ind1=" " ind2="7"><subfield code="a">Psychotherapie</subfield><subfield code="0">(DE-Frei129)00003972</subfield><subfield code="0">(DE-588)4047746-0</subfield><subfield code="2">gnd</subfield></datafield><datafield tag="650" ind1=" " ind2="7"><subfield code="a">Soziologie</subfield><subfield code="0">(DE-Frei129)00006868</subfield><subfield code="0">(DE-588)4077624-4</subfield><subfield code="2">gnd</subfield></datafield><datafield tag="650" ind1=" " ind2="7"><subfield code="a">Transsexualism</subfield><subfield code="0">(DE-Frei129)00345646</subfield><subfield code="2">local</subfield></datafield><datafield tag="689" ind1="0" ind2="0"><subfield code="0">(DE-588)4157015-7</subfield><subfield code="D">s</subfield><subfield code="a">Geschlechtsumwandlung </subfield></datafield><datafield tag="689" ind1="0" ind2="1"><subfield code="0">(DE-588)4198233-2</subfield><subfield code="D">s</subfield><subfield code="a">Ärztliche Behandlung</subfield><subfield code="5">DE-101</subfield></datafield><datafield tag="689" ind1="1" ind2="0"><subfield code="0">(DE-588)4185937-6</subfield><subfield code="D">s</subfield><subfield code="a">Transsexualität </subfield></datafield><datafield tag="689" ind1="1" ind2="1"><subfield code="0">(DE-588)4047746-0</subfield><subfield code="D">s</subfield><subfield code="a">Psychotherapie</subfield><subfield code="5">DE-101</subfield></datafield><datafield tag="689" ind1="2" ind2="0"><subfield code="0">(DE-588)4185937-6</subfield><subfield code="D">s</subfield><subfield code="a">Transsexualität </subfield></datafield><datafield tag="689" ind1="2" ind2="1"><subfield code="0">(DE-588)4077624-4</subfield><subfield code="D">s</subfield><subfield code="a">Soziologie</subfield><subfield code="5">DE-101</subfield></datafield><datafield tag="689" ind1="3" ind2="0"><subfield code="A">s</subfield><subfield code="a">Transsexualism</subfield><subfield code="5">DE-101</subfield></datafield><datafield tag="852" ind1=" " ind2=" "><subfield code="a">Frei 129</subfield><subfield code="b">PHFR</subfield><subfield code="c">MS 2850 H669</subfield></datafield><datafield tag="980" ind1="0" ind2=" "><subfield code="a">00339994</subfield><subfield code="9">(PHFR)</subfield><subfield code="b">UG (33)</subfield><subfield code="c">Soz E 90: 14</subfield><subfield code="d">Standardleihe (01)</subfield><subfield code="e">Verfügbar (X)</subfield></datafield></record>