
<record><leader>02862nam a2200000uu 4500</leader><controlfield tag="001">42039850</controlfield><controlfield tag="003">DE-Frei129</controlfield><controlfield tag="005">20220811084014.0</controlfield><controlfield tag="007">tu</controlfield><controlfield tag="008">130910s2010    ||||||||||||||||||||ger||</controlfield><datafield tag="020" ind1=" " ind2=" "><subfield code="a">9783141620658</subfield><subfield code="9">978-3-14-162065-8</subfield></datafield><datafield tag="035" ind1=" " ind2=" "><subfield code="a">(DE-576)655863214</subfield></datafield><datafield tag="041" ind1=" " ind2=" "><subfield code="a">ger</subfield></datafield><datafield tag="245" ind1="1" ind2="0"><subfield code="a">Schulanfang!</subfield><subfield code="b">Leitfaden für Vorbereitung, Einschulung, Unterricht und Elternarbeit</subfield><subfield code="c">[Hrsg.: Heidrun Scheller. Autoren: Rosemarie Bauer ...]</subfield></datafield><datafield tag="250" ind1=" " ind2=" "><subfield code="a">Nachdr.</subfield></datafield><datafield tag="260" ind1="3" ind2=" "><subfield code="a">Braunschweig</subfield><subfield code="b">Westermann</subfield><subfield code="c">2010</subfield></datafield><datafield tag="300" ind1=" " ind2=" "><subfield code="a">152  Seiten</subfield><subfield code="b">Ill.</subfield></datafield><datafield tag="490" ind1="0" ind2=" "><subfield code="a">Praxis Pädagogik</subfield></datafield><datafield tag="650" ind1=" " ind2="7"><subfield code="a">Einschulung</subfield><subfield code="0">(DE-Frei129)00021664</subfield><subfield code="0">(DE-588)4070704-0</subfield><subfield code="2">gnd</subfield></datafield><datafield tag="650" ind1=" " ind2="7"><subfield code="a">Anfangsunterricht</subfield><subfield code="0">(DE-Frei129)00028573</subfield><subfield code="0">(DE-588)4142406-2</subfield><subfield code="2">gnd</subfield></datafield><datafield tag="689" ind1="0" ind2="0"><subfield code="0">(DE-588)4070704-0</subfield><subfield code="D">s</subfield><subfield code="a">Einschulung </subfield></datafield><datafield tag="689" ind1="0" ind2="1"><subfield code="0">(DE-588)4142406-2</subfield><subfield code="D">s</subfield><subfield code="a">Anfangsunterricht</subfield><subfield code="5">DE-101</subfield></datafield><datafield tag="700" ind1="1" ind2=" "><subfield code="0">(DE-Frei129)00146315</subfield><subfield code="a">Scheller, Heidrun</subfield><subfield code="4">Hrsg.</subfield></datafield><datafield tag="852" ind1=" " ind2=" "><subfield code="a">Frei129</subfield><subfield code="c">Paed K 730: 94</subfield></datafield><datafield tag="980" ind1="0" ind2=" "><subfield code="a">00339893</subfield><subfield code="9">(PHFR)</subfield><subfield code="b">EG-Anbau (32)</subfield><subfield code="c">Paed K 730: 94 b</subfield><subfield code="d">Standardleihe (01)</subfield><subfield code="e">Verfügbar (X)</subfield></datafield></record>