
<record><leader>03924nam a2200000uuc4500</leader><controlfield tag="001">42038239</controlfield><controlfield tag="003">DE-Frei129</controlfield><controlfield tag="005">20220811084014.0</controlfield><controlfield tag="007">tu</controlfield><controlfield tag="008">130828s2010    ||||||||||||||||||||ger||</controlfield><datafield tag="020" ind1=" " ind2=" "><subfield code="a">9783403064329</subfield><subfield code="9">978-3-403-06432-9</subfield><subfield code="c">im Ordner</subfield></datafield><datafield tag="024" ind1="3" ind2=" "><subfield code="a">9783403064329</subfield></datafield><datafield tag="035" ind1=" " ind2=" "><subfield code="a">(DE-576)1462768202</subfield></datafield><datafield tag="041" ind1=" " ind2=" "><subfield code="a">ger</subfield></datafield><datafield tag="044" ind1=" " ind2=" "><subfield code="c">XA-DE</subfield></datafield><datafield tag="245" ind1="1" ind2="0"><subfield code="a">Komm mit in das gesunde Boot</subfield><subfield code="b">ein Projekt der Landesstiftung Baden-Württemberg; Bewegung, Ernährung und Freizeitgestaltung mit den Inselpiraten</subfield><subfield code="n">3/4</subfield><subfield code="p">[Unterrichtsentwürfe, Kopiervorlagen und Materialien für die Elternarbeit] / Olivia Wartha ...</subfield><subfield code="c">Olivia Wartha...</subfield></datafield><datafield tag="250" ind1=" " ind2=" "><subfield code="a">1. Aufl.</subfield></datafield><datafield tag="260" ind1="3" ind2=" "><subfield code="a">Donauwörth</subfield><subfield code="b">Auer</subfield><subfield code="c">2010 2010</subfield></datafield><datafield tag="300" ind1=" " ind2=" "><subfield code="a">264  Seiten ; 16 [ Blatt ]</subfield><subfield code="b">Ill.</subfield><subfield code="e">1 CD-ROM (12 cm)</subfield></datafield><datafield tag="490" ind1="0" ind2=" "><subfield code="a">Grundschule</subfield></datafield><datafield tag="650" ind1=" " ind2="7"><subfield code="a">Gesundheitserziehung</subfield><subfield code="0">(DE-Frei129)00009694</subfield><subfield code="0">(DE-588)4020759-6</subfield><subfield code="2">gnd</subfield></datafield><datafield tag="650" ind1=" " ind2="7"><subfield code="a">Schuljahr 3-4</subfield><subfield code="0">(DE-Frei129)00075215</subfield><subfield code="0">(DE-588)4206495-8</subfield><subfield code="2">gnd</subfield></datafield><datafield tag="651" ind1=" " ind2="7"><subfield code="a">Baden-Württemberg</subfield><subfield code="0">(DE-Frei129)00002591</subfield><subfield code="0">(DE-588)4004176-1</subfield><subfield code="2">gnd</subfield></datafield><datafield tag="689" ind1="0" ind2="0"><subfield code="0">(DE-588)4020759-6</subfield><subfield code="D">s</subfield><subfield code="a">Gesundheitserziehung </subfield></datafield><datafield tag="689" ind1="0" ind2="1"><subfield code="0">(DE-588)4206495-8</subfield><subfield code="D">s</subfield><subfield code="a">Schuljahr 3-4 </subfield></datafield><datafield tag="689" ind1="0" ind2="2"><subfield code="0">(DE-588)4004176-1</subfield><subfield code="D">g</subfield><subfield code="a">Baden-Württemberg</subfield><subfield code="5">DE-101</subfield></datafield><datafield tag="700" ind1="1" ind2=" "><subfield code="0">(DE-588)1059151200</subfield><subfield code="0">(DE-Frei129)00808300</subfield><subfield code="a">Wartha, Olivia Janina</subfield><subfield code="4">oth</subfield></datafield><datafield tag="773" ind1="0" ind2="8"><subfield code="w">(DE-Frei129)02263221</subfield><subfield code="q">13 14</subfield></datafield><datafield tag="852" ind1=" " ind2=" "><subfield code="a">Frei129</subfield><subfield code="c">Bio G 500: 50,3/4</subfield></datafield><datafield tag="980" ind1="0" ind2=" "><subfield code="a">00318126</subfield><subfield code="9">(PHFR)</subfield><subfield code="b">UG (33)</subfield><subfield code="c">Bio G 500: 50,3/4</subfield><subfield code="d">Präsenzbestand II (51)</subfield><subfield code="e">Verfügbar (X)</subfield></datafield></record>