
<record><leader>02534nam a2200000uuc4500</leader><controlfield tag="001">42037955</controlfield><controlfield tag="003">DE-Frei129</controlfield><controlfield tag="005">20220811084014.0</controlfield><controlfield tag="007">tu</controlfield><controlfield tag="008">100511s2010    ||||||||||||||||||||ger||</controlfield><datafield tag="020" ind1=" " ind2=" "><subfield code="a">9783150170083</subfield><subfield code="9">9783150170083</subfield></datafield><datafield tag="024" ind1="3" ind2=" "><subfield code="a">9783150170083</subfield></datafield><datafield tag="035" ind1=" " ind2=" "><subfield code="a">(DE-576)1393009832</subfield></datafield><datafield tag="041" ind1=" " ind2=" "><subfield code="a">ger</subfield></datafield><datafield tag="245" ind1="1" ind2="0"><subfield code="a">Deutsche Geschichte in Quellen und Darstellung</subfield><subfield code="n">8</subfield><subfield code="p">Kaiserreich und Erster Weltkrieg : 1871 - 1918 / hrsg. von Rüdiger vom Bruch ...</subfield><subfield code="c">hrsg. von Rainer A. Müller</subfield></datafield><datafield tag="250" ind1=" " ind2=" "><subfield code="a">[2., durchges. Aufl., Nachdr.]</subfield></datafield><datafield tag="260" ind1="3" ind2=" "><subfield code="a">Stuttgart</subfield><subfield code="b">Reclam</subfield><subfield code="c">2010</subfield></datafield><datafield tag="300" ind1=" " ind2=" "><subfield code="a">511 Seiten</subfield></datafield><datafield tag="490" ind1="0" ind2=" "><subfield code="a">Universal-Bibliothek </subfield><subfield code="v">17008</subfield></datafield><datafield tag="500" ind1=" " ind2=" "><subfield code="a">Archivierung/Langzeitarchivierung gewährleistet</subfield></datafield><datafield tag="700" ind1="1" ind2=" "><subfield code="0">(DE-588)12096760X</subfield><subfield code="0">(DE-Frei129)00057515</subfield><subfield code="a">Vom Bruch, Rüdiger</subfield><subfield code="4">Hrsg.</subfield></datafield><datafield tag="773" ind1="0" ind2="8"><subfield code="w">(DE-Frei129)00157653</subfield><subfield code="q">1842010</subfield></datafield><datafield tag="852" ind1=" " ind2=" "><subfield code="a">Frei 129</subfield><subfield code="b">PHFR</subfield><subfield code="c">NK 1800 M946 D4</subfield></datafield><datafield tag="980" ind1="0" ind2=" "><subfield code="a">00257203</subfield><subfield code="9">(PHFR)</subfield><subfield code="b">UG (33)</subfield><subfield code="c">NK 1800 M946 D4</subfield><subfield code="d">Standardleihe (01)</subfield><subfield code="e">Verfügbar (X)</subfield></datafield></record>