
<record><leader>03014nam a2200000uuc4500</leader><controlfield tag="001">42037914</controlfield><controlfield tag="003">DE-Frei129</controlfield><controlfield tag="005">20220811084014.0</controlfield><controlfield tag="007">tu</controlfield><controlfield tag="008">131107s2010    ||||||||||||||||||||eng||</controlfield><datafield tag="015" ind1=" " ind2=" "><subfield code="a">10,N35</subfield></datafield><datafield tag="016" ind1="7" ind2=" "><subfield code="a">1006074554</subfield><subfield code="2">DE-101</subfield></datafield><datafield tag="020" ind1=" " ind2=" "><subfield code="a">9783526527015</subfield><subfield code="9">9783526527015</subfield><subfield code="c">PB. : EUR 11.95, EUR 12.30 (AT), sfr 23.30 (freier Pr.)</subfield></datafield><datafield tag="020" ind1=" " ind2=" "><subfield code="a">9788853010216</subfield><subfield code="9">9788853010216</subfield></datafield><datafield tag="024" ind1="3" ind2=" "><subfield code="a">9783526527015</subfield></datafield><datafield tag="035" ind1=" " ind2=" "><subfield code="a">(DE-576)1462230962</subfield></datafield><datafield tag="041" ind1=" " ind2=" "><subfield code="a">eng</subfield></datafield><datafield tag="044" ind1=" " ind2=" "><subfield code="c">XA-DE-BY</subfield></datafield><datafield tag="245" ind1="1" ind2="0"><subfield code="a">London</subfield><subfield code="n">Buch</subfield><subfield code="c">Gina D. B. Clemen</subfield></datafield><datafield tag="250" ind1=" " ind2=" "><subfield code="a">1. ed.</subfield></datafield><datafield tag="260" ind1="3" ind2=" "><subfield code="a">München</subfield><subfield code="b">Langenscheidt ELT GmbH</subfield><subfield code="c">2010</subfield></datafield><datafield tag="300" ind1=" " ind2=" "><subfield code="a">95 Seiten</subfield><subfield code="b">Ill., Kt.</subfield></datafield><datafield tag="490" ind1="0" ind2=" "><subfield code="a">Reading &amp; training discovery - step 1</subfield></datafield><datafield tag="700" ind1="1" ind2=" "><subfield code="0">(DE-588)1058426052</subfield><subfield code="0">(DE-Frei129)00975359</subfield><subfield code="a">Clemen, Gina D. B.</subfield><subfield code="4">aut</subfield></datafield><datafield tag="773" ind1="0" ind2="8"><subfield code="w">(DE-Frei129)42040414</subfield><subfield code="q">BUCH</subfield></datafield><datafield tag="852" ind1=" " ind2=" "><subfield code="a">Frei129</subfield><subfield code="c">HD 405 C625</subfield></datafield><datafield tag="856" ind1="4" ind2=" "><subfield code="8">00</subfield><subfield code="u">http://deposit.d-nb.de/cgi-bin/dokserv?id=3526529&amp;prov=M&amp;dok_var=1&amp;dok_ext=htm</subfield><subfield code="y">Inhaltstext</subfield></datafield><datafield tag="980" ind1="0" ind2=" "><subfield code="a">00257112</subfield><subfield code="9">(PHFR)</subfield><subfield code="b">Handbibliothek (50)</subfield><subfield code="c">Fre N 810: 95</subfield><subfield code="d">Handbibliothek - nie verleihbar (54)</subfield><subfield code="e">Verfügbar (X)</subfield></datafield></record>