
<record><leader>02571nam a2200000uu 4500</leader><controlfield tag="001">42037904</controlfield><controlfield tag="003">DE-Frei129</controlfield><controlfield tag="005">20220811084015.0</controlfield><controlfield tag="007">tu</controlfield><controlfield tag="008">130813s2010    ||||||||||||||||||||ger||</controlfield><datafield tag="015" ind1=" " ind2=" "><subfield code="a">10,A33</subfield></datafield><datafield tag="016" ind1="7" ind2=" "><subfield code="a">1002351235</subfield><subfield code="2">DE-101</subfield></datafield><datafield tag="020" ind1=" " ind2=" "><subfield code="a">9783468207273</subfield><subfield code="9">978-3-468-20727-3</subfield><subfield code="c">geh. : EUR 5.95 (DE), EUR 6.20 (AT), sfr 11.30 (freier Pr.)</subfield></datafield><datafield tag="024" ind1="3" ind2=" "><subfield code="a">9783468207273</subfield></datafield><datafield tag="035" ind1=" " ind2=" "><subfield code="a">(DE-576)626467101</subfield></datafield><datafield tag="041" ind1=" " ind2=" "><subfield code="a">ger</subfield><subfield code="a">eng</subfield></datafield><datafield tag="044" ind1=" " ind2=" "><subfield code="c">XA-DE-BE</subfield><subfield code="c">XA-AT</subfield><subfield code="c">XA-CH</subfield></datafield><datafield tag="100" ind1="1" ind2=" "><subfield code="a">Guhe, Irmtraud</subfield><subfield code="0">(DE-Frei129)00100578</subfield></datafield><datafield tag="245" ind1="1" ind2="0"><subfield code="a">Malen, Rätseln, Englisch lernen</subfield><subfield code="b">[Englisch mit Hexe Huckla]</subfield><subfield code="c">von Irmtraud Guhe</subfield></datafield><datafield tag="260" ind1="3" ind2=" "><subfield code="a">Berlin; München; Wien; Zürich; London; Madrid; New York, NY; Warschau</subfield><subfield code="b">Langenscheidt</subfield><subfield code="c">2010</subfield></datafield><datafield tag="300" ind1=" " ind2=" "><subfield code="a">48  Seiten</subfield><subfield code="b">zahlr. Ill.</subfield><subfield code="c">28 cm</subfield></datafield><datafield tag="856" ind1="4" ind2=" "><subfield code="8">00</subfield><subfield code="u">http://deposit.d-nb.de/cgi-bin/dokserv?id=3472186&amp;prov=M&amp;dok_var=1&amp;dok_ext=htm</subfield><subfield code="y">Inhaltstext</subfield></datafield><datafield tag="980" ind1="0" ind2=" "><subfield code="a">00257098</subfield><subfield code="9">(PHFR)</subfield><subfield code="b">Handbibliothek (50)</subfield><subfield code="c">Fre O 730: 17 a</subfield><subfield code="d">Handbibliothek - nie verleihbar (54)</subfield><subfield code="e">Verfügbar (X)</subfield></datafield></record>