
<record><leader>03181nam a2200000uu 4500</leader><controlfield tag="001">42037897</controlfield><controlfield tag="003">DE-Frei129</controlfield><controlfield tag="005">20220811084015.0</controlfield><controlfield tag="007">tu</controlfield><controlfield tag="008">130813s2010    ||||||||||||||||||||eng||</controlfield><datafield tag="015" ind1=" " ind2=" "><subfield code="a">10,N48</subfield></datafield><datafield tag="016" ind1="7" ind2=" "><subfield code="a">1008290602</subfield><subfield code="2">DE-101</subfield></datafield><datafield tag="020" ind1=" " ind2=" "><subfield code="a">9783526527473</subfield><subfield code="9">9783526527473</subfield><subfield code="c">Pb. : EUR 6.75 (DE), EUR 7.25 (DE), EUR 7.00 (AT), EUR 7.50 (AT), sfr 12.80 (freier Pr.), sfr 12.50 (freier Pr.)</subfield></datafield><datafield tag="020" ind1=" " ind2=" "><subfield code="a">9788853010117</subfield><subfield code="9">9788853010117</subfield></datafield><datafield tag="024" ind1="3" ind2=" "><subfield code="a">9783526527473</subfield></datafield><datafield tag="035" ind1=" " ind2=" "><subfield code="a">(DE-576)1604834412</subfield></datafield><datafield tag="041" ind1=" " ind2=" "><subfield code="a">eng</subfield></datafield><datafield tag="044" ind1=" " ind2=" "><subfield code="c">XA-DE-BY</subfield></datafield><datafield tag="245" ind1="1" ind2="4"><subfield code="a">The owl&apos;s song</subfield><subfield code="c">[Paola Traverso. Ill. by Alida Massari]</subfield></datafield><datafield tag="250" ind1=" " ind2=" "><subfield code="a">1. ed.</subfield></datafield><datafield tag="260" ind1="3" ind2=" "><subfield code="a">München</subfield><subfield code="b">Langenscheidt ELT GmbH</subfield><subfield code="c">2010</subfield></datafield><datafield tag="300" ind1=" " ind2=" "><subfield code="a">31 Seiten</subfield><subfield code="b">überw. Ill.</subfield><subfield code="c">240 mm x 168 mm, 97 g</subfield></datafield><datafield tag="490" ind1="0" ind2=" "><subfield code="a">Earlyreads - level 2</subfield></datafield><datafield tag="700" ind1="1" ind2=" "><subfield code="0">(DE-Frei129)42000284</subfield><subfield code="a">Traverso, Paola</subfield><subfield code="4">oth</subfield></datafield><datafield tag="700" ind1="1" ind2=" "><subfield code="0">(DE-588)1011579642</subfield><subfield code="0">(DE-Frei129)42000285</subfield><subfield code="a">Massari, Alida</subfield><subfield code="4">oth</subfield></datafield><datafield tag="852" ind1=" " ind2=" "><subfield code="a">Frei 129</subfield><subfield code="b">PHFR</subfield><subfield code="c">HG 831 T781</subfield></datafield><datafield tag="856" ind1="4" ind2=" "><subfield code="8">00</subfield><subfield code="u">http://deposit.d-nb.de/cgi-bin/dokserv?id=3564578&amp;prov=M&amp;dok_var=1&amp;dok_ext=htm</subfield><subfield code="y">Inhaltstext</subfield></datafield><datafield tag="980" ind1="0" ind2=" "><subfield code="a">00257091</subfield><subfield code="9">(PHFR)</subfield><subfield code="b">Handbibliothek (50)</subfield><subfield code="c">Fre O 780: 247</subfield><subfield code="d">Handbibliothek - nie verleihbar (54)</subfield><subfield code="e">Verfügbar (X)</subfield></datafield></record>