
<record><leader>02140nam a2200000uu 4500</leader><controlfield tag="001">35045339</controlfield><controlfield tag="003">DE-Frei129</controlfield><controlfield tag="005">20220811084015.0</controlfield><controlfield tag="007">tu</controlfield><controlfield tag="008">140723s2010    ||||||||||||||||||||eng||</controlfield><datafield tag="020" ind1=" " ind2=" "><subfield code="a">9780193362895</subfield><subfield code="9">978-0-19-336289-5</subfield></datafield><datafield tag="024" ind1="3" ind2=" "><subfield code="a">9780193362895</subfield></datafield><datafield tag="035" ind1=" " ind2=" "><subfield code="a">(DE-576)1610124987</subfield></datafield><datafield tag="041" ind1=" " ind2=" "><subfield code="a">eng</subfield></datafield><datafield tag="245" ind1="1" ind2="0"><subfield code="a">Assessment in music education</subfield><subfield code="c">Martin Fautley</subfield></datafield><datafield tag="260" ind1="3" ind2=" "><subfield code="a">Oxford</subfield><subfield code="b">Oxford Univ. Press</subfield><subfield code="c">2010 c 2010</subfield></datafield><datafield tag="300" ind1=" " ind2=" "><subfield code="a">XIII, 226 Seiten</subfield><subfield code="b">Illustrationen</subfield></datafield><datafield tag="490" ind1="0" ind2=" "><subfield code="a">Oxford music education series</subfield></datafield><datafield tag="500" ind1=" " ind2=" "><subfield code="a">IMD-Felder und 1131 maschinell ergänzt</subfield></datafield><datafield tag="700" ind1="1" ind2=" "><subfield code="0">(DE-588)1027419380</subfield><subfield code="0">(DE-Frei129)35003919</subfield><subfield code="a">Fautley, Martin</subfield><subfield code="4">aut</subfield></datafield><datafield tag="852" ind1=" " ind2=" "><subfield code="a">Frei 129</subfield><subfield code="b">PHFR</subfield><subfield code="c">LR 56962 F255</subfield></datafield><datafield tag="980" ind1="0" ind2=" "><subfield code="a">00435551</subfield><subfield code="9">(PHFR)</subfield><subfield code="b">3.OG (37)</subfield><subfield code="c">LR 56962 F255</subfield><subfield code="d">Standardleihe (01)</subfield><subfield code="e">Verfügbar (X)</subfield></datafield></record>