
<record><leader>02175ncm a2200000uu 4500</leader><controlfield tag="001">35038217</controlfield><controlfield tag="003">DE-Frei129</controlfield><controlfield tag="005">20220811084015.0</controlfield><controlfield tag="007">qu</controlfield><controlfield tag="008">130118s2010    |||||||||||||||||||||||||</controlfield><datafield tag="020" ind1=" " ind2=" "><subfield code="a">9781617804908</subfield><subfield code="9">978-1-6178-0490-8</subfield></datafield><datafield tag="020" ind1=" " ind2=" "><subfield code="a">9781617804908</subfield><subfield code="9">978-1-6178-0490-8</subfield></datafield><datafield tag="035" ind1=" " ind2=" "><subfield code="a">(DE-576)67260728X</subfield></datafield><datafield tag="245" ind1="1" ind2="4"><subfield code="a">The King&apos;s Singers swimming over London collection</subfield><subfield code="c">The King&apos;s Singers</subfield></datafield><datafield tag="246" ind1="1" ind2="3"><subfield code="a">Swimming over London collection</subfield></datafield><datafield tag="250" ind1=" " ind2=" "><subfield code="a">[Partitur]</subfield></datafield><datafield tag="260" ind1="3" ind2=" "><subfield code="a">Milwaukee, WI</subfield><subfield code="b">Leonard</subfield><subfield code="c">2010</subfield></datafield><datafield tag="300" ind1=" " ind2=" "><subfield code="a">142  Seiten</subfield></datafield><datafield tag="500" ind1=" " ind2=" "><subfield code="a">IMD-Felder und 1131 maschinell ergänzt</subfield></datafield><datafield tag="710" ind1="2" ind2=" "><subfield code="0">(DE-Frei129)00011718</subfield><subfield code="0">(DE-588)5074647-9</subfield><subfield code="a">The King&apos;s Singers</subfield><subfield code="4">oth</subfield></datafield><datafield tag="852" ind1=" " ind2=" "><subfield code="a">Frei 129</subfield><subfield code="b">PHFR</subfield><subfield code="c">LT 12600 K52</subfield></datafield><datafield tag="980" ind1="0" ind2=" "><subfield code="a">00356968</subfield><subfield code="9">(PHFR)</subfield><subfield code="b">3.OG (37)</subfield><subfield code="c">LT 12600 K52</subfield><subfield code="d">Standardleihe (01)</subfield><subfield code="e">Verfügbar (X)</subfield></datafield></record>