
<record><leader>02614nam a2200000uu 4500</leader><controlfield tag="001">33023145</controlfield><controlfield tag="003">DE-Frei129</controlfield><controlfield tag="005">20220811084015.0</controlfield><controlfield tag="007">tu</controlfield><controlfield tag="008">140618s2010    |||||||||||||||||||||||||</controlfield><datafield tag="020" ind1=" " ind2=" "><subfield code="a">9783896391612</subfield><subfield code="9">978-3-89639-161-2</subfield></datafield><datafield tag="035" ind1=" " ind2=" "><subfield code="a">(DE-576)160948004X</subfield></datafield><datafield tag="245" ind1="1" ind2="0"><subfield code="a">Singen lernen ? Aber logisch</subfield><subfield code="b">Von der Technik des klassischen Gesanges.</subfield><subfield code="c">Renate Faltin</subfield></datafield><datafield tag="250" ind1=" " ind2=" "><subfield code="a">4., korr. Aufl.</subfield></datafield><datafield tag="260" ind1="3" ind2=" "><subfield code="a">Augsburg</subfield><subfield code="b">Wißner</subfield><subfield code="c">2010</subfield></datafield><datafield tag="300" ind1=" " ind2=" "><subfield code="a">120  Seiten</subfield></datafield><datafield tag="490" ind1="1" ind2=" "><subfield code="a">Forum Musikpädagogik </subfield><subfield code="v">39</subfield></datafield><datafield tag="490" ind1="1" ind2=" "><subfield code="a">Reihe Wißner-Lehrbuch </subfield><subfield code="v">3</subfield></datafield><datafield tag="500" ind1=" " ind2=" "><subfield code="a">IMD-Felder und 1131 maschinell ergänzt</subfield></datafield><datafield tag="700" ind1="1" ind2=" "><subfield code="0">(DE-Frei129)00131173</subfield><subfield code="a">Faltin, Renate</subfield><subfield code="4">aut</subfield></datafield><datafield tag="830" ind1=" " ind2="0"><subfield code="a">Forum Musikpädagogik</subfield><subfield code="v">39</subfield><subfield code="w">(DE-Frei129)00123004</subfield><subfield code="9">239</subfield></datafield><datafield tag="830" ind1=" " ind2="0"><subfield code="a">Reihe Wißner-Lehrbuch</subfield><subfield code="v">3</subfield><subfield code="w">(DE-Frei129)00194735</subfield><subfield code="9">13</subfield></datafield><datafield tag="852" ind1=" " ind2=" "><subfield code="a">Frei 129</subfield><subfield code="b">PHFR</subfield><subfield code="c">LR 56980 F197 (4)</subfield></datafield><datafield tag="980" ind1="0" ind2=" "><subfield code="a">00353902</subfield><subfield code="9">(PHFR)</subfield><subfield code="b">3.OG (37)</subfield><subfield code="c">LR 56980 F197 (4)</subfield><subfield code="d">Standardleihe (01)</subfield><subfield code="e">Verfügbar (X)</subfield></datafield></record>