
<record><leader>04995nam a2200000uuc4500</leader><controlfield tag="001">31005528</controlfield><controlfield tag="003">DE-Frei129</controlfield><controlfield tag="005">20220811084015.0</controlfield><controlfield tag="007">tu</controlfield><controlfield tag="008">110513s2010    ||||||||||||||||||||ger||</controlfield><datafield tag="020" ind1=" " ind2=" "><subfield code="a">9783060827350</subfield><subfield code="9">978-3-06-082735-0</subfield><subfield code="c">geh. : EUR 4.50</subfield></datafield><datafield tag="024" ind1="3" ind2=" "><subfield code="a">9783060827350</subfield></datafield><datafield tag="035" ind1=" " ind2=" "><subfield code="a">(DE-576)1413660207</subfield></datafield><datafield tag="041" ind1=" " ind2=" "><subfield code="a">ger</subfield></datafield><datafield tag="044" ind1=" " ind2=" "><subfield code="c">XA-DE-BE</subfield></datafield><datafield tag="245" ind1="1" ind2="0"><subfield code="a">Einstern</subfield><subfield code="b">Mathematik für Grundschulkinder; Mathematikwerk für offenes Arbeiten</subfield><subfield code="n">1, Übungssternchen</subfield><subfield code="p">Übungssternchen / Roland Bauer</subfield><subfield code="c">erarb. von Roland Bauer...</subfield></datafield><datafield tag="250" ind1=" " ind2=" "><subfield code="a">1. Aufl., 1. Dr.</subfield></datafield><datafield tag="260" ind1="3" ind2=" "><subfield code="a">Berlin</subfield><subfield code="b">Cornelsen</subfield><subfield code="c">2010</subfield></datafield><datafield tag="300" ind1=" " ind2=" "><subfield code="a">56  Seiten</subfield><subfield code="b">zahlr. Ill.</subfield><subfield code="c">21 cm</subfield></datafield><datafield tag="500" ind1=" " ind2=" "><subfield code="a">Hier auch später erschienene, unveränderte Nachdrucke</subfield></datafield><datafield tag="500" ind1=" " ind2=" "><subfield code="a">IMD-Felder und 1131 maschinell ergänzt</subfield></datafield><datafield tag="520" ind1=" " ind2=" "><subfield code="a">Einige Kinder haben alle Arbeitsaufträge längst erledigt, andere benötigen noch Zeit und Hilfe - hier ist Einstern genau richtig: Das Lehrwerk gibt den Schülerinnen und Schülern die Möglichkeit, im eigenen Tempo selbstständig zu arbeiten, dabei kommt durchgängig das Prinzip der Handlung-Bild-Symbolik zur Anwendung. So bleibt den Lehrkräften Zeit und Gelegenheit, einzelne Kinder gezielt zu fördern. Diesem bewährten Prinzip ist auch die Neubearbeitung verpflichtet.</subfield></datafield><datafield tag="650" ind1=" " ind2="7"><subfield code="a">Mathematikunterricht</subfield><subfield code="0">(DE-Frei129)00016130</subfield><subfield code="0">(DE-588)4037949-8</subfield><subfield code="2">gnd</subfield></datafield><datafield tag="650" ind1=" " ind2="7"><subfield code="a">Grundschule</subfield><subfield code="0">(DE-Frei129)00010240</subfield><subfield code="0">(DE-588)4022349-8</subfield><subfield code="2">gnd</subfield></datafield><datafield tag="689" ind1="0" ind2="0"><subfield code="0">(DE-588)4037949-8</subfield><subfield code="D">s</subfield><subfield code="a">Mathematikunterricht </subfield></datafield><datafield tag="689" ind1="0" ind2="1"><subfield code="0">(DE-588)4022349-8</subfield><subfield code="D">s</subfield><subfield code="a">Grundschule</subfield><subfield code="5">DE-101</subfield></datafield><datafield tag="700" ind1="1" ind2=" "><subfield code="0">(DE-Frei129)00003070</subfield><subfield code="a">Bauer, Roland</subfield><subfield code="4">oth</subfield></datafield><datafield tag="773" ind1="0" ind2="8"><subfield code="w">(DE-Frei129)01003613</subfield><subfield code="q">11UEBU1142010</subfield></datafield><datafield tag="856" ind1="4" ind2=" "><subfield code="8">00</subfield><subfield code="u">http://swbplus.bsz-bw.de/bsz343660202cov.htm</subfield><subfield code="y">Umschlagbild</subfield></datafield><datafield tag="856" ind1="4" ind2=" "><subfield code="8">01</subfield><subfield code="u">http://www.cornelsen.de/lehrkraefte/lookinthebook/9783060827350</subfield><subfield code="y">Auszug</subfield></datafield><datafield tag="980" ind1="0" ind2=" "><subfield code="a">00233971</subfield><subfield code="9">(PHFR)</subfield><subfield code="b">UG (33)</subfield><subfield code="c">Math O 200: 87 A,1 a</subfield><subfield code="d">Präsenzbestand II (51)</subfield><subfield code="e">Verfügbar (X)</subfield></datafield><datafield tag="980" ind1="0" ind2=" "><subfield code="a">00234007</subfield><subfield code="9">(PHFR)</subfield><subfield code="b">UG (33)</subfield><subfield code="c">Math O 200: 87 A,1</subfield><subfield code="d">Standardleihe (01)</subfield><subfield code="e">Verfügbar (X)</subfield><subfield code="x">Ex. a = Präsenzbestand</subfield></datafield><datafield tag="980" ind1="0" ind2=" "><subfield code="a">00278556</subfield><subfield code="9">(PHFR)</subfield><subfield code="b">Handbibliothek (50)</subfield><subfield code="d">Handbibliothek - nie verleihbar (54)</subfield><subfield code="e">Verfügbar (X)</subfield></datafield></record>