
<record><leader>01998nam a2200000uuc4500</leader><controlfield tag="001">31005274</controlfield><controlfield tag="003">DE-Frei129</controlfield><controlfield tag="005">20220811084015.0</controlfield><controlfield tag="007">tu</controlfield><controlfield tag="008">100304s2010    ||||||||||||||||||||ger||</controlfield><datafield tag="020" ind1=" " ind2=" "><subfield code="a">9783122425388</subfield><subfield code="9">9783122425388</subfield></datafield><datafield tag="024" ind1="3" ind2=" "><subfield code="a">9783122425388</subfield></datafield><datafield tag="035" ind1=" " ind2=" "><subfield code="a">(DE-576)1389429865</subfield></datafield><datafield tag="041" ind1=" " ind2=" "><subfield code="a">ger</subfield></datafield><datafield tag="044" ind1=" " ind2=" "><subfield code="c">XA-DE</subfield></datafield><datafield tag="245" ind1="1" ind2="0"><subfield code="a">Nussknacker</subfield><subfield code="b">mein Mathematikbuch; [mit Lernsoftware]</subfield><subfield code="n">3, Lehrerband</subfield><subfield code="c">hrsg. von Peter Herbert Maier</subfield></datafield><datafield tag="250" ind1=" " ind2=" "><subfield code="a">1. Aufl.</subfield></datafield><datafield tag="260" ind1="3" ind2=" "><subfield code="a">Stuttgart ; Leipzig</subfield><subfield code="b">Klett</subfield><subfield code="c">2010</subfield></datafield><datafield tag="300" ind1=" " ind2=" "><subfield code="a">getr. Pag.</subfield></datafield><datafield tag="500" ind1=" " ind2=" "><subfield code="a">Archivierung/Langzeitarchivierung gewährleistet</subfield></datafield><datafield tag="773" ind1="0" ind2="8"><subfield code="w">(DE-Frei129)01386264</subfield><subfield code="q">13LEHR1142010</subfield></datafield><datafield tag="980" ind1="0" ind2=" "><subfield code="a">00278559</subfield><subfield code="9">(PHFR)</subfield><subfield code="b">Handbibliothek (50)</subfield><subfield code="d">Handbibliothek - nie verleihbar (54)</subfield><subfield code="e">Verfügbar (X)</subfield></datafield></record>