
<record><leader>04882nam a2200000uu 4500</leader><controlfield tag="001">31004791</controlfield><controlfield tag="003">DE-Frei129</controlfield><controlfield tag="005">20220811084015.0</controlfield><controlfield tag="007">tu</controlfield><controlfield tag="008">110112s2010    ||||||||||||||||||||eng||</controlfield><datafield tag="020" ind1=" " ind2=" "><subfield code="a">9781412957014</subfield><subfield code="9">9781412957014</subfield></datafield><datafield tag="035" ind1=" " ind2=" "><subfield code="a">(DE-576)643783644</subfield></datafield><datafield tag="041" ind1=" " ind2=" "><subfield code="a">eng</subfield></datafield><datafield tag="044" ind1=" " ind2=" "><subfield code="c">XD-US</subfield><subfield code="c">XA-GB</subfield><subfield code="c">XB-IN</subfield></datafield><datafield tag="245" ind1="1" ind2="0"><subfield code="a">Writing your journal article in 12 weeks</subfield><subfield code="b">a guide to academic publishing success</subfield><subfield code="c">Wendy Laura Belcher</subfield></datafield><datafield tag="250" ind1=" " ind2=" "><subfield code="a">[Nachdr.]</subfield></datafield><datafield tag="260" ind1="3" ind2=" "><subfield code="a">Los Angeles, Calif. [u.a.]</subfield><subfield code="b">Sage Publ.</subfield><subfield code="c">[20]10</subfield></datafield><datafield tag="300" ind1=" " ind2=" "><subfield code="a">XXI, 351 Seiten</subfield><subfield code="b">graph. Darst.</subfield><subfield code="c">28 cm</subfield></datafield><datafield tag="500" ind1=" " ind2=" "><subfield code="a">Includes bibliographical references and index</subfield></datafield><datafield tag="500" ind1=" " ind2=" "><subfield code="a">IMD-Felder maschinell generiert (GBV)</subfield></datafield><datafield tag="648" ind1=" " ind2="7"><subfield code="a">United States</subfield><subfield code="0">(DE-Frei129)02387756</subfield><subfield code="2">local</subfield></datafield><datafield tag="650" ind1=" " ind2="7"><subfield code="a">Scholarly publishing</subfield><subfield code="0">(DE-Frei129)14320424</subfield><subfield code="2">local</subfield></datafield><datafield tag="650" ind1=" " ind2="7"><subfield code="a">Wissenschaftliches Manuskript</subfield><subfield code="0">(DE-Frei129)00006064</subfield><subfield code="0">(DE-588)4066596-3</subfield><subfield code="2">gnd</subfield></datafield><datafield tag="650" ind1=" " ind2="7"><subfield code="a">Zeitschriftenaufsatz</subfield><subfield code="0">(DE-Frei129)00041919</subfield><subfield code="0">(DE-588)4125424-7</subfield><subfield code="2">gnd</subfield></datafield><datafield tag="650" ind1=" " ind2="7"><subfield code="a">Veröffentlichung</subfield><subfield code="0">(DE-Frei129)00006300</subfield><subfield code="0">(DE-588)4187925-9</subfield><subfield code="2">gnd</subfield></datafield><datafield tag="689" ind1="0" ind2="0"><subfield code="A">s</subfield><subfield code="a">Scholarly publishing </subfield></datafield><datafield tag="689" ind1="0" ind2="1"><subfield code="A">s</subfield><subfield code="a">United States</subfield><subfield code="5">DE-101</subfield></datafield><datafield tag="689" ind1="1" ind2="0"><subfield code="0">(DE-588)4066596-3</subfield><subfield code="D">s</subfield><subfield code="a">Wissenschaftliches Manuskript </subfield></datafield><datafield tag="689" ind1="1" ind2="1"><subfield code="0">(DE-588)4125424-7</subfield><subfield code="D">s</subfield><subfield code="a">Zeitschriftenaufsatz </subfield></datafield><datafield tag="689" ind1="1" ind2="2"><subfield code="0">(DE-588)4187925-9</subfield><subfield code="D">s</subfield><subfield code="a">Veröffentlichung</subfield><subfield code="5">DE-101</subfield></datafield><datafield tag="700" ind1="1" ind2=" "><subfield code="0">(DE-Frei129)31000914</subfield><subfield code="a">Belcher, Wendy Laura</subfield><subfield code="4">aut</subfield></datafield><datafield tag="852" ind1=" " ind2=" "><subfield code="a">Frei 129</subfield><subfield code="b">PHFR</subfield><subfield code="c">AK 39580 B427</subfield></datafield><datafield tag="856" ind1="4" ind2=" "><subfield code="8">00</subfield><subfield code="u">http://external.dandelon.com/download/attachments/dandelon/ids/DE004396F4B92C4FA5B4CC12579840047C244.pdf</subfield><subfield code="y">Inhaltsverzeichnis</subfield></datafield><datafield tag="856" ind1="4" ind2=" "><subfield code="8">01</subfield><subfield code="u">https://external.dandelon.com/download/attachments/dandelon/ids/DE00255A2C6E360419E2AC125820B00516A34.pdf</subfield><subfield code="y">Inhaltsverzeichnis</subfield></datafield><datafield tag="980" ind1="0" ind2=" "><subfield code="a">00331850</subfield><subfield code="9">(PHFR)</subfield><subfield code="b">Handbibliothek (50)</subfield><subfield code="c">Allg E 700: 210</subfield><subfield code="d">Handbibliothek - nie verleihbar (54)</subfield><subfield code="e">Verfügbar (X)</subfield></datafield></record>