
<record><leader>03750nam a2200000uu 4500</leader><controlfield tag="001">31004432</controlfield><controlfield tag="003">DE-Frei129</controlfield><controlfield tag="005">20220811084015.0</controlfield><controlfield tag="007">tu</controlfield><controlfield tag="008">120713s2010    ||||||||||||||||||||ger||</controlfield><datafield tag="020" ind1=" " ind2=" "><subfield code="a">9783518276372</subfield><subfield code="9">9783518276372</subfield></datafield><datafield tag="024" ind1="3" ind2=" "><subfield code="a">9783518276372</subfield></datafield><datafield tag="035" ind1=" " ind2=" "><subfield code="a">(DE-576)1617829994</subfield></datafield><datafield tag="041" ind1=" " ind2=" "><subfield code="a">ger</subfield></datafield><datafield tag="100" ind1="1" ind2=" "><subfield code="a">Bernfeld, Siegfried</subfield><subfield code="0">(DE-Frei129)00004515</subfield><subfield code="0">(DE-588)118509802</subfield></datafield><datafield tag="245" ind1="1" ind2="0"><subfield code="a">Sisyphos oder die Grenzen der Erziehung</subfield><subfield code="c">Siegfried Bernfeld</subfield></datafield><datafield tag="250" ind1=" " ind2=" "><subfield code="a">1. Aufl., [Nachdr.]</subfield></datafield><datafield tag="260" ind1="3" ind2=" "><subfield code="a">Frankfurt am Main</subfield><subfield code="b">Suhrkamp</subfield><subfield code="c">[20]10</subfield></datafield><datafield tag="300" ind1=" " ind2=" "><subfield code="a">155 Seiten</subfield></datafield><datafield tag="490" ind1="0" ind2=" "><subfield code="a">Suhrkamp-Taschenbuch Wissenschaft </subfield><subfield code="v">37</subfield></datafield><datafield tag="500" ind1=" " ind2=" "><subfield code="a">Hier auch später erschienene, unveränderte Nachdrucke</subfield></datafield><datafield tag="648" ind1=" " ind2="7"><subfield code="a">Geschichte 1925</subfield><subfield code="0">(DE-Frei129)00084564</subfield><subfield code="2">local</subfield></datafield><datafield tag="650" ind1=" " ind2="7"><subfield code="a">Erziehung</subfield><subfield code="0">(DE-Frei129)00001468</subfield><subfield code="0">(DE-588)4015482-8</subfield><subfield code="2">gnd</subfield></datafield><datafield tag="650" ind1=" " ind2="7"><subfield code="a">Kapitalismus</subfield><subfield code="0">(DE-Frei129)00012986</subfield><subfield code="0">(DE-588)4029577-1</subfield><subfield code="2">gnd</subfield></datafield><datafield tag="689" ind1="0" ind2="0"><subfield code="0">(DE-588)4015482-8</subfield><subfield code="D">s</subfield><subfield code="a">Erziehung </subfield></datafield><datafield tag="689" ind1="0" ind2="1"><subfield code="0">(DE-588)4029577-1</subfield><subfield code="D">s</subfield><subfield code="a">Kapitalismus </subfield></datafield><datafield tag="689" ind1="0" ind2="2"><subfield code="A">s</subfield><subfield code="a">Geschichte 1925</subfield><subfield code="5">DE-101</subfield></datafield><datafield tag="852" ind1=" " ind2=" "><subfield code="a">Frei 129</subfield><subfield code="b">PHFR</subfield><subfield code="c">Paed B 10: 20</subfield></datafield><datafield tag="980" ind1="0" ind2=" "><subfield code="a">00427432</subfield><subfield code="9">(PHFR)</subfield><subfield code="b">EG-Anbau (32)</subfield><subfield code="c">Paed B 10: 20 a</subfield><subfield code="d">Standardleihe (01)</subfield><subfield code="e">Verfügbar (X)</subfield><subfield code="x">13. Auflage 2017</subfield></datafield><datafield tag="980" ind1="0" ind2=" "><subfield code="a">00427433</subfield><subfield code="9">(PHFR)</subfield><subfield code="b">EG-Anbau (32)</subfield><subfield code="c">Paed B 10: 20 b</subfield><subfield code="d">Standardleihe (01)</subfield><subfield code="e">Verfügbar (X)</subfield><subfield code="x">13. Auflage 2017</subfield></datafield></record>