
<record><leader>03083nam a2200000uuc4500</leader><controlfield tag="001">31004407</controlfield><controlfield tag="003">DE-Frei129</controlfield><controlfield tag="005">20220811084015.0</controlfield><controlfield tag="007">tu</controlfield><controlfield tag="008">100729s2010    ||||||||||||||||||||ger||</controlfield><datafield tag="020" ind1=" " ind2=" "><subfield code="a">9783706549431</subfield><subfield code="9">978-3-7065-4943-1</subfield></datafield><datafield tag="035" ind1=" " ind2=" "><subfield code="a">(DE-576)139691935X</subfield></datafield><datafield tag="041" ind1=" " ind2=" "><subfield code="a">ger</subfield></datafield><datafield tag="245" ind1="1" ind2="0"><subfield code="a">Professionelle Arbeit mit Eltern</subfield><subfield code="b">Arbeitsbuch</subfield><subfield code="n">3</subfield><subfield code="p">Settings und Brennpunkte / Hannes Brandau ; Manfred Pretis</subfield><subfield code="c">Hannes Brandau; Manfred Pretis</subfield></datafield><datafield tag="260" ind1="3" ind2=" "><subfield code="a">Innsbruck; Wien; Bozen</subfield><subfield code="b">Studien-Verlag</subfield><subfield code="c">2010</subfield></datafield><datafield tag="300" ind1=" " ind2=" "><subfield code="a">264  Seiten</subfield></datafield><datafield tag="490" ind1="1" ind2=" "><subfield code="a">Erfolgreich im Lehrberuf </subfield><subfield code="v">5</subfield></datafield><datafield tag="650" ind1=" " ind2="7"><subfield code="a">Unterrichtsmethode</subfield><subfield code="0">(DE-Frei129)00033067</subfield><subfield code="0">(DE-588)4078637-7</subfield><subfield code="2">gnd</subfield></datafield><datafield tag="689" ind1="0" ind2="0"><subfield code="0">(DE-588)4078637-7</subfield><subfield code="D">s</subfield><subfield code="a">Unterrichtsmethode</subfield><subfield code="5">DE-101</subfield></datafield><datafield tag="700" ind1="1" ind2=" "><subfield code="0">(DE-588)12835562X</subfield><subfield code="0">(DE-Frei129)00089483</subfield><subfield code="a">Brandau, Hannes</subfield><subfield code="4">aut</subfield></datafield><datafield tag="700" ind1="1" ind2=" "><subfield code="0">(DE-588)122622375</subfield><subfield code="0">(DE-Frei129)00134530</subfield><subfield code="a">Pretis, Manfred</subfield><subfield code="4">aut</subfield></datafield><datafield tag="773" ind1="0" ind2="8"><subfield code="w">(DE-Frei129)00314117</subfield><subfield code="q">13</subfield></datafield><datafield tag="830" ind1=" " ind2="0"><subfield code="a">Erfolgreich im Lehrberuf</subfield><subfield code="v">5</subfield><subfield code="w">(DE-Frei129)00286173</subfield><subfield code="9">15</subfield></datafield><datafield tag="852" ind1=" " ind2=" "><subfield code="a">Frei129</subfield><subfield code="c">Paed L 680: 97 ,3</subfield></datafield><datafield tag="980" ind1="0" ind2=" "><subfield code="a">00209823</subfield><subfield code="9">(PHFR)</subfield><subfield code="b">EG-Anbau (32)</subfield><subfield code="c">Paed L 680: 97 ,3</subfield><subfield code="d">Standardleihe (01)</subfield><subfield code="e">Verfügbar (X)</subfield></datafield></record>