
<record><leader>04251nam a2200000uuc4500</leader><controlfield tag="001">30075768</controlfield><controlfield tag="003">DE-Frei129</controlfield><controlfield tag="005">20220811084015.0</controlfield><controlfield tag="007">tu</controlfield><controlfield tag="008">150401s2010    ||||||||||||||||||||ger||</controlfield><datafield tag="015" ind1=" " ind2=" "><subfield code="a">10,A39</subfield></datafield><datafield tag="016" ind1="7" ind2=" "><subfield code="a">998870420</subfield><subfield code="2">DE-101</subfield></datafield><datafield tag="020" ind1=" " ind2=" "><subfield code="a">9783637010420</subfield><subfield code="9">9783637010420</subfield><subfield code="c">kart. : EUR 14.90</subfield></datafield><datafield tag="024" ind1="3" ind2=" "><subfield code="a">9783637010420</subfield></datafield><datafield tag="035" ind1=" " ind2=" "><subfield code="a">(DE-576)1498511414</subfield></datafield><datafield tag="041" ind1=" " ind2=" "><subfield code="a">ger</subfield></datafield><datafield tag="044" ind1=" " ind2=" "><subfield code="c">XA-DE-BY</subfield></datafield><datafield tag="245" ind1="1" ind2="0"><subfield code="a">Technik, Werken</subfield><subfield code="n">5/6. [Hauptbd.]</subfield><subfield code="c">erarb. von Olaf Czech ... Beratung: Dieter Mette</subfield></datafield><datafield tag="250" ind1=" " ind2=" "><subfield code="a">1. Aufl.</subfield></datafield><datafield tag="260" ind1="3" ind2=" "><subfield code="c">2010</subfield></datafield><datafield tag="300" ind1=" " ind2=" "><subfield code="a">128 Seiten</subfield><subfield code="b">Ill., graph. Darst.</subfield><subfield code="c">26 cm</subfield></datafield><datafield tag="500" ind1=" " ind2=" "><subfield code="a">Hier auch später erschienene, unveränderte Nachdrucke</subfield></datafield><datafield tag="500" ind1=" " ind2=" "><subfield code="a">Archivierung prüfen</subfield></datafield><datafield tag="650" ind1=" " ind2="7"><subfield code="a">Werkunterricht</subfield><subfield code="0">(DE-Frei129)00024042</subfield><subfield code="0">(DE-588)4065590-8</subfield><subfield code="2">gnd</subfield></datafield><datafield tag="650" ind1=" " ind2="7"><subfield code="a">Schuljahr 5-6</subfield><subfield code="0">(DE-Frei129)00074239</subfield><subfield code="0">(DE-588)4202494-8</subfield><subfield code="2">gnd</subfield></datafield><datafield tag="650" ind1=" " ind2="7"><subfield code="a">Technikunterricht</subfield><subfield code="0">(DE-Frei129)00023880</subfield><subfield code="0">(DE-588)4059217-0</subfield><subfield code="2">gnd</subfield></datafield><datafield tag="689" ind1="0" ind2="0"><subfield code="0">(DE-588)4065590-8</subfield><subfield code="D">s</subfield><subfield code="a">Werkunterricht </subfield></datafield><datafield tag="689" ind1="0" ind2="1"><subfield code="0">(DE-588)4202494-8</subfield><subfield code="D">s</subfield><subfield code="a">Schuljahr 5-6</subfield><subfield code="5">DE-101</subfield></datafield><datafield tag="689" ind1="1" ind2="0"><subfield code="0">(DE-588)4059217-0</subfield><subfield code="D">s</subfield><subfield code="a">Technikunterricht </subfield></datafield><datafield tag="689" ind1="1" ind2="1"><subfield code="0">(DE-588)4202494-8</subfield><subfield code="D">s</subfield><subfield code="a">Schuljahr 5-6</subfield><subfield code="5">DE-101</subfield></datafield><datafield tag="773" ind1="0" ind2="8"><subfield code="w">(DE-Frei129)30075770</subfield><subfield code="q">5/6. [HAUPTBD.]</subfield></datafield><datafield tag="852" ind1=" " ind2=" "><subfield code="a">Frei 129</subfield><subfield code="b">PHFR</subfield><subfield code="c">ZG 9000 II T255 -5/6</subfield></datafield><datafield tag="856" ind1="4" ind2=" "><subfield code="8">00</subfield><subfield code="u">http://deposit.d-nb.de/cgi-bin/dokserv?id=3395073&amp;prov=M&amp;dok_var=1&amp;dok_ext=htm</subfield><subfield code="y">Inhaltstext</subfield></datafield><datafield tag="980" ind1="0" ind2=" "><subfield code="a">00489516</subfield><subfield code="9">(PHFR)</subfield><subfield code="b">UG (33)</subfield><subfield code="c">ZG 9000 II T255 -5/6</subfield><subfield code="d">Standardleihe (01)</subfield><subfield code="e">Verfügbar (X)</subfield><subfield code="x">4. Druck 2020</subfield></datafield></record>