
<record><leader>03079nam a2200000uuc4500</leader><controlfield tag="001">30074089</controlfield><controlfield tag="003">DE-Frei129</controlfield><controlfield tag="005">20220811084015.0</controlfield><controlfield tag="007">tu</controlfield><controlfield tag="008">150203s2010    ||||||||||||||||||||ger||</controlfield><datafield tag="015" ind1=" " ind2=" "><subfield code="a">10,A45</subfield></datafield><datafield tag="016" ind1="7" ind2=" "><subfield code="a">1000358445</subfield><subfield code="2">DE-101</subfield></datafield><datafield tag="020" ind1=" " ind2=" "><subfield code="a">9783637008748</subfield><subfield code="9">9783637008748</subfield><subfield code="c">Broschur : EUR 5.50</subfield></datafield><datafield tag="024" ind1="3" ind2=" "><subfield code="a">9783637008748</subfield></datafield><datafield tag="035" ind1=" " ind2=" "><subfield code="a">(DE-576)1495235173</subfield></datafield><datafield tag="041" ind1=" " ind2=" "><subfield code="a">ger</subfield></datafield><datafield tag="044" ind1=" " ind2=" "><subfield code="c">XA-DE-BY</subfield></datafield><datafield tag="245" ind1="1" ind2="0"><subfield code="a">Deutsch-Stars</subfield><subfield code="b">Lesetraining; mit Stickern</subfield><subfield code="n">2</subfield><subfield code="p">Lesetraining</subfield></datafield><datafield tag="250" ind1=" " ind2=" "><subfield code="a">1. Aufl.</subfield></datafield><datafield tag="260" ind1="3" ind2=" "><subfield code="a">München</subfield><subfield code="b">DeGruyter</subfield><subfield code="c">2010</subfield></datafield><datafield tag="300" ind1=" " ind2=" "><subfield code="a">64, [16] Seiten</subfield><subfield code="b">zahlr. Ill.</subfield></datafield><datafield tag="500" ind1=" " ind2=" "><subfield code="a">Hier auch später erschienene, unveränderte Nachdrucke</subfield></datafield><datafield tag="520" ind1=" " ind2=" "><subfield code="a">Hier wird das sinnentnehmende Lesen geübt: Mit den Übungsheften &quot;Deutsch-Stars - Lesetraining&quot; trainieren und steigern die Kinder ihre Lesekompetenz. Und dabei können sich die Fans von Pferden, Fußball, Krimis und Meeresfans besonders freuen: Für ihr Lesetraining gibt es eigene Themenhefte.</subfield></datafield><datafield tag="773" ind1="0" ind2="8"><subfield code="w">(DE-Frei129)01127208</subfield><subfield code="q">12</subfield></datafield><datafield tag="852" ind1=" " ind2=" "><subfield code="a">Frei 129</subfield><subfield code="b">PHFR</subfield><subfield code="c">GB 2980 I S796 -2</subfield></datafield><datafield tag="856" ind1="4" ind2=" "><subfield code="8">00</subfield><subfield code="u">http://deposit.d-nb.de/cgi-bin/dokserv?id=3430670&amp;prov=M&amp;dok_var=1&amp;dok_ext=htm</subfield><subfield code="y">Inhaltstext</subfield></datafield><datafield tag="980" ind1="0" ind2=" "><subfield code="a">00368953</subfield><subfield code="9">(PHFR)</subfield><subfield code="b">2.OG (35)</subfield><subfield code="c">GB 2980 I S796 -2</subfield><subfield code="d">Standardleihe (01)</subfield><subfield code="e">Verfügbar (X)</subfield></datafield></record>