
<record><leader>02149nam a2200000uuc4500</leader><controlfield tag="001">30072382</controlfield><controlfield tag="003">DE-Frei129</controlfield><controlfield tag="005">20220811084015.0</controlfield><controlfield tag="007">tu</controlfield><controlfield tag="008">141120s2010    ||||||||||||||||||||ger||</controlfield><datafield tag="020" ind1=" " ind2=" "><subfield code="a">9783898188234</subfield><subfield code="9">9783898188234</subfield></datafield><datafield tag="024" ind1="3" ind2=" "><subfield code="a">9783898188234</subfield></datafield><datafield tag="035" ind1=" " ind2=" "><subfield code="a">(DE-576)1487614098</subfield></datafield><datafield tag="041" ind1=" " ind2=" "><subfield code="a">ger</subfield></datafield><datafield tag="245" ind1="1" ind2="0"><subfield code="a">Duden, Lesebuch</subfield><subfield code="n">2, [Hauptbd.]</subfield><subfield code="c">hrsg. von Franz Werthmann. Erarb. von Jutta Fiedler ...</subfield></datafield><datafield tag="250" ind1=" " ind2=" "><subfield code="a">2. Aufl.</subfield></datafield><datafield tag="260" ind1="3" ind2=" "><subfield code="a">Berlin</subfield><subfield code="b">Duden-Paetec-Schulbuchverlag</subfield><subfield code="c">2010</subfield></datafield><datafield tag="300" ind1=" " ind2=" "><subfield code="a">199 Seiten</subfield><subfield code="b">Ill., Musiknoten</subfield></datafield><datafield tag="500" ind1=" " ind2=" "><subfield code="a">Hier auch später erschienene, unveränderte Nachdrucke</subfield></datafield><datafield tag="773" ind1="0" ind2="8"><subfield code="w">(DE-Frei129)00273513</subfield><subfield code="q">12HAUP12</subfield></datafield><datafield tag="852" ind1=" " ind2=" "><subfield code="a">Frei 129</subfield><subfield code="b">PHFR</subfield><subfield code="c">GB 3000 I D845 -2(2)</subfield></datafield><datafield tag="980" ind1="0" ind2=" "><subfield code="a">00379790</subfield><subfield code="9">(PHFR)</subfield><subfield code="b">Handbibliothek (50)</subfield><subfield code="c">Deu O 310: 92,2</subfield><subfield code="d">Handbibliothek - nie verleihbar (54)</subfield><subfield code="e">Verfügbar (X)</subfield></datafield></record>