
<record><leader>04730nam a2200000uuc4500</leader><controlfield tag="001">30068190</controlfield><controlfield tag="003">DE-Frei129</controlfield><controlfield tag="005">20220811084015.0</controlfield><controlfield tag="007">tu</controlfield><controlfield tag="008">140611s2010    ||||||||||||||||||||ger||</controlfield><datafield tag="020" ind1=" " ind2=" "><subfield code="a">9783762703600</subfield><subfield code="9">978-3-7627-0360-0</subfield></datafield><datafield tag="035" ind1=" " ind2=" "><subfield code="a">(DE-576)1477816305</subfield></datafield><datafield tag="041" ind1=" " ind2=" "><subfield code="a">ger</subfield></datafield><datafield tag="044" ind1=" " ind2=" "><subfield code="c">XA-DE-BY</subfield></datafield><datafield tag="245" ind1="1" ind2="0"><subfield code="a">Religionsbuch für das ... Schuljahr</subfield><subfield code="b">Unterrichtswerk für die Sekundarstufe I</subfield><subfield code="n">7/8</subfield><subfield code="c">Hubertus Halbfas</subfield></datafield><datafield tag="250" ind1=" " ind2=" "><subfield code="a">1. Aufl. [Nachdr.]</subfield></datafield><datafield tag="260" ind1="3" ind2=" "><subfield code="a">München</subfield><subfield code="a">Düsseldorf</subfield><subfield code="b">Bayerischer Schulbuchverlag</subfield><subfield code="b">Patmos-Verl.</subfield><subfield code="c">2010</subfield></datafield><datafield tag="300" ind1=" " ind2=" "><subfield code="a">269  Seiten</subfield><subfield code="b">zahlr. Ill., Kt.</subfield></datafield><datafield tag="500" ind1=" " ind2=" "><subfield code="a">Enth. T. 1, 7. Schuljahr und T. 2, 8. Schuljahr</subfield></datafield><datafield tag="520" ind1=" " ind2=" "><subfield code="a">Poetische Texte, geschichtliches Denken, Symboldidaktik als Grundlage, kritisches Niveau, das Religionsbuch als Sachbuch – diesen Grundsätzen bleibt auch die Neuausgabe des Religionsbuchs treu und bietet dabei einzigartige Text- und Bildquellen. Neu in dem bekannten Unterrichtswerk von Hubertus Halbfas ist folgendes: Der Anteil narrativer Texte und biographischer Beispiele ist deutlich gewachsen. Einzelne Kapitel sind völlig neu strukturiert. Alle Texte sind sorgfältig überarbeitet und gekürzt. Das völlig neue Layout ist frisch und übersichtlich. In den Arbeitsheften finden die Schülerinnen und Schüler neben den Arbeitsaufgaben auch Spiele, Rätsel und andere Denksportaufgaben – methodisch abwechselnd lernt es sich nun mal leichter. So erarbeiten sie sich die zentralen Inhalte der Schülerbücher ganz abwechslungsreich und spannend. Religiöse Sprachlehre, geschichtliches Verstehen und die selbstständige Auseinandersetzung mit dem Glauben bilden die thematischen Schwerpunkte der Arbeitshefte.</subfield></datafield><datafield tag="650" ind1=" " ind2="7"><subfield code="a">Katholischer Religionsunterricht</subfield><subfield code="0">(DE-Frei129)00029813</subfield><subfield code="0">(DE-588)4073316-6</subfield><subfield code="2">gnd</subfield></datafield><datafield tag="650" ind1=" " ind2="7"><subfield code="a">Sekundarstufe 1</subfield><subfield code="0">(DE-Frei129)00021625</subfield><subfield code="0">(DE-588)4054365-1</subfield><subfield code="2">gnd</subfield></datafield><datafield tag="689" ind1="0" ind2="0"><subfield code="0">(DE-588)4073316-6</subfield><subfield code="D">s</subfield><subfield code="a">Katholischer Religionsunterricht </subfield></datafield><datafield tag="689" ind1="0" ind2="1"><subfield code="0">(DE-588)4054365-1</subfield><subfield code="D">s</subfield><subfield code="a">Sekundarstufe 1</subfield><subfield code="5">DE-101</subfield></datafield><datafield tag="773" ind1="0" ind2="8"><subfield code="w">(DE-Frei129)01402349</subfield><subfield code="q">7/8HAUP42010</subfield></datafield><datafield tag="852" ind1=" " ind2=" "><subfield code="a">Frei 129</subfield><subfield code="b">PHFR</subfield><subfield code="c">BU 2610 U61 -7/8</subfield></datafield><datafield tag="856" ind1="4" ind2=" "><subfield code="8">00</subfield><subfield code="u">http://mehr.religionsbuch.de/print_preview/index7.php</subfield><subfield code="y">Auszug</subfield></datafield><datafield tag="980" ind1="0" ind2=" "><subfield code="a">00355318</subfield><subfield code="9">(PHFR)</subfield><subfield code="b">UG (33)</subfield><subfield code="c">BU 2610 U61 -7/8+1</subfield><subfield code="d">Präsenzbestand II (51)</subfield><subfield code="e">Verfügbar (X)</subfield></datafield><datafield tag="980" ind1="0" ind2=" "><subfield code="a">00355319</subfield><subfield code="9">(PHFR)</subfield><subfield code="b">UG (33)</subfield><subfield code="c">BU 2610 U61 -7/8</subfield><subfield code="d">Standardleihe (01)</subfield><subfield code="e">Verfügbar (X)</subfield></datafield></record>