
<record><leader>02343nam a2200000uu 4500</leader><controlfield tag="001">30062417</controlfield><controlfield tag="003">DE-Frei129</controlfield><controlfield tag="005">20220811084015.0</controlfield><controlfield tag="007">tu</controlfield><controlfield tag="008">130731s2010    ||||||||||||||||||||ger||</controlfield><datafield tag="020" ind1=" " ind2=" "><subfield code="a">9783867020794</subfield><subfield code="9">9783867020794</subfield></datafield><datafield tag="035" ind1=" " ind2=" "><subfield code="a">(DE-576)1604685158</subfield></datafield><datafield tag="041" ind1=" " ind2=" "><subfield code="a">ger</subfield></datafield><datafield tag="044" ind1=" " ind2=" "><subfield code="c">XA-DE-NW</subfield></datafield><datafield tag="100" ind1="1" ind2=" "><subfield code="a">Geißelbrecht-Taferner, Leonore</subfield><subfield code="0">(DE-Frei129)00464810</subfield></datafield><datafield tag="245" ind1="1" ind2="4"><subfield code="a">Die Kräuterdetektive</subfield><subfield code="b">von Brennnessel bis Zitronenmelisse, Kinderkräutern auf der Spur - mit vielfältigen Experimenten, Spielen, Bastelaktionen, Geschichten und Rezepten durch das Jahr</subfield><subfield code="c">Leonore Geißelbrecht-Taferner. [Ill. Kasia Sander]</subfield></datafield><datafield tag="250" ind1=" " ind2=" "><subfield code="a">3. Aufl.</subfield></datafield><datafield tag="260" ind1="3" ind2=" "><subfield code="a">Münster</subfield><subfield code="b">Ökotopia-Verl.</subfield><subfield code="c">2010</subfield></datafield><datafield tag="300" ind1=" " ind2=" "><subfield code="a">125 Seiten</subfield><subfield code="b">zahlr. Ill., Noten</subfield></datafield><datafield tag="700" ind1="1" ind2=" "><subfield code="0">(DE-Frei129)00112803</subfield><subfield code="a">Sander, Kasia</subfield><subfield code="4">oth</subfield></datafield><datafield tag="852" ind1=" " ind2=" "><subfield code="a">Frei 129</subfield><subfield code="b">PHFR</subfield><subfield code="c">Bio C 800: 82</subfield></datafield><datafield tag="980" ind1="0" ind2=" "><subfield code="a">00429260</subfield><subfield code="9">(PHFR)</subfield><subfield code="b">Handbibliothek (50)</subfield><subfield code="c">Bio C 800: 82</subfield><subfield code="d">Handbibliothek - nie verleihbar (54)</subfield><subfield code="e">Verfügbar (X)</subfield></datafield></record>