
<record><leader>04033nam a2200000uu 4500</leader><controlfield tag="001">30062286</controlfield><controlfield tag="003">DE-Frei129</controlfield><controlfield tag="005">20220811084015.0</controlfield><controlfield tag="007">tu</controlfield><controlfield tag="008">100602s2010    ||||||||||||||||||||ger||</controlfield><datafield tag="015" ind1=" " ind2=" "><subfield code="a">11,A05</subfield></datafield><datafield tag="016" ind1="7" ind2=" "><subfield code="a">1002959748</subfield><subfield code="2">DE-101</subfield></datafield><datafield tag="020" ind1=" " ind2=" "><subfield code="a">9783834607034</subfield><subfield code="9">9783834607034</subfield><subfield code="c">kart. : EUR 19.80 (DE), EUR 20.35 (AT), sfr 34.70 (freier Pr.)</subfield></datafield><datafield tag="024" ind1="3" ind2=" "><subfield code="a">9783834607034</subfield></datafield><datafield tag="035" ind1=" " ind2=" "><subfield code="a">(DE-576)627266185</subfield></datafield><datafield tag="041" ind1=" " ind2=" "><subfield code="a">ger</subfield></datafield><datafield tag="044" ind1=" " ind2=" "><subfield code="c">XA-DE-NW</subfield></datafield><datafield tag="100" ind1="1" ind2=" "><subfield code="a">Jung, Heike</subfield><subfield code="0">(DE-Frei129)00255551</subfield><subfield code="0">(DE-588)13558051X</subfield></datafield><datafield tag="245" ind1="1" ind2="0"><subfield code="a">Kinder lernen Haustiere kennen</subfield><subfield code="b">ein Arbeitsbuch mit Steckbriefen, Sachgeschichten, Rätseln, Spielen und Bildkarten ; [für 4 - 8 Jahre]</subfield><subfield code="c">Heike Jung</subfield></datafield><datafield tag="250" ind1=" " ind2=" "><subfield code="a">1. Aufl.</subfield></datafield><datafield tag="260" ind1="3" ind2=" "><subfield code="a">Mülheim an der Ruhr</subfield><subfield code="b">Verl. an der Ruhr</subfield><subfield code="c">2010</subfield></datafield><datafield tag="300" ind1=" " ind2=" "><subfield code="a">167 Seiten</subfield><subfield code="b">Ill.</subfield><subfield code="c">297 mm x 210 mm</subfield></datafield><datafield tag="500" ind1=" " ind2=" "><subfield code="a">IMD-Felder maschinell generiert (GBV)</subfield></datafield><datafield tag="650" ind1=" " ind2="7"><subfield code="a">Haustiere</subfield><subfield code="0">(DE-Frei129)00010713</subfield><subfield code="0">(DE-588)4023819-2</subfield><subfield code="2">gnd</subfield></datafield><datafield tag="650" ind1=" " ind2="7"><subfield code="a">Ganzheitlicher Unterricht</subfield><subfield code="0">(DE-Frei129)00057909</subfield><subfield code="0">(DE-588)4155941-1</subfield><subfield code="2">gnd</subfield></datafield><datafield tag="650" ind1=" " ind2="7"><subfield code="a">Sachunterricht</subfield><subfield code="0">(DE-Frei129)00010867</subfield><subfield code="0">(DE-588)4051158-3</subfield><subfield code="2">gnd</subfield></datafield><datafield tag="689" ind1="0" ind2="0"><subfield code="0">(DE-588)4023819-2</subfield><subfield code="D">s</subfield><subfield code="a">Haustiere </subfield></datafield><datafield tag="689" ind1="0" ind2="1"><subfield code="0">(DE-588)4155941-1</subfield><subfield code="D">s</subfield><subfield code="a">Ganzheitlicher Unterricht </subfield></datafield><datafield tag="689" ind1="0" ind2="2"><subfield code="0">(DE-588)4051158-3</subfield><subfield code="D">s</subfield><subfield code="a">Sachunterricht</subfield><subfield code="5">DE-101</subfield></datafield><datafield tag="852" ind1=" " ind2=" "><subfield code="a">Frei129</subfield><subfield code="c">Bio D 800: 19</subfield></datafield><datafield tag="856" ind1="4" ind2=" "><subfield code="8">00</subfield><subfield code="u">http://d-nb.info/1002959748/04</subfield><subfield code="y">Inhaltsverzeichnis</subfield></datafield><datafield tag="980" ind1="0" ind2=" "><subfield code="a">00218354</subfield><subfield code="9">(PHFR)</subfield><subfield code="b">UG (33)</subfield><subfield code="c">Bio D 800: 19</subfield><subfield code="d">Standardleihe (01)</subfield><subfield code="e">Verfügbar (X)</subfield></datafield></record>