
<record><leader>05473nam a2200000uu 4500</leader><controlfield tag="001">30058685</controlfield><controlfield tag="003">DE-Frei129</controlfield><controlfield tag="005">20220811084016.0</controlfield><controlfield tag="007">tu</controlfield><controlfield tag="008">100303s2010    ||||||||||||||||||||ger||</controlfield><datafield tag="015" ind1=" " ind2=" "><subfield code="a">10,A24</subfield></datafield><datafield tag="016" ind1="7" ind2=" "><subfield code="a">1002665213</subfield><subfield code="2">DE-101</subfield></datafield><datafield tag="020" ind1=" " ind2=" "><subfield code="a">9783403063971</subfield><subfield code="9">9783403063971</subfield><subfield code="c">geh. : EUR 21.90 (DE), EUR 21.90 (AT), sfr 37.90 (freier Pr.)</subfield></datafield><datafield tag="024" ind1="3" ind2=" "><subfield code="a">9783403063971</subfield></datafield><datafield tag="035" ind1=" " ind2=" "><subfield code="a">(DE-576)62012167X</subfield></datafield><datafield tag="041" ind1=" " ind2=" "><subfield code="a">ger</subfield></datafield><datafield tag="044" ind1=" " ind2=" "><subfield code="c">XA-DE</subfield><subfield code="c">XA-DE-BY</subfield></datafield><datafield tag="100" ind1="1" ind2=" "><subfield code="a">Werner, Karen</subfield><subfield code="0">(DE-Frei129)30001499</subfield><subfield code="0">(DE-588)141483970</subfield></datafield><datafield tag="245" ind1="1" ind2="0"><subfield code="a">Gedichte schreiben - aber wie?</subfield><subfield code="b">produktionsorientierter Unterricht leicht gemacht ; [Kopiervorlagen und Differenzierungsmaterial]</subfield><subfield code="c">Karen Werner</subfield></datafield><datafield tag="250" ind1=" " ind2=" "><subfield code="a">1. Aufl.</subfield></datafield><datafield tag="260" ind1="3" ind2=" "><subfield code="a">Donauwörth</subfield><subfield code="b">Auer</subfield><subfield code="c">2010</subfield></datafield><datafield tag="300" ind1=" " ind2=" "><subfield code="a">80 Seiten</subfield><subfield code="b">Ill.</subfield><subfield code="c">30 cm</subfield><subfield code="e">1 CD-ROM (12 cm)</subfield></datafield><datafield tag="490" ind1="0" ind2=" "><subfield code="a">Auer macht Schule</subfield></datafield><datafield tag="490" ind1="0" ind2=" "><subfield code="a">Auer macht Schule</subfield></datafield><datafield tag="500" ind1=" " ind2=" "><subfield code="a">CD-ROM-Beil. enth. alle Stationentrainings (Frühling, Sommer, Herbst, Winter) als editierbare Word-Vorlagen, Materialien zur Differenzierung, Vorlagen für Wortplakate und Blankoarbeitsblätter für jede Jahreszeit</subfield></datafield><datafield tag="500" ind1=" " ind2=" "><subfield code="a">IMD-Felder maschinell generiert (GBV)</subfield></datafield><datafield tag="650" ind1=" " ind2="7"><subfield code="a">Lyrik</subfield><subfield code="0">(DE-Frei129)00126763</subfield><subfield code="0">(DE-588)4036774-5</subfield><subfield code="2">gnd</subfield></datafield><datafield tag="650" ind1=" " ind2="7"><subfield code="a">Textproduktion</subfield><subfield code="0">(DE-Frei129)00062448</subfield><subfield code="0">(DE-588)4184945-0</subfield><subfield code="2">gnd</subfield></datafield><datafield tag="650" ind1=" " ind2="7"><subfield code="a">Deutschunterricht</subfield><subfield code="0">(DE-Frei129)00005880</subfield><subfield code="0">(DE-588)4011975-0</subfield><subfield code="2">gnd</subfield></datafield><datafield tag="650" ind1=" " ind2="7"><subfield code="a">Grundschule</subfield><subfield code="0">(DE-Frei129)00010240</subfield><subfield code="0">(DE-588)4022349-8</subfield><subfield code="2">gnd</subfield></datafield><datafield tag="689" ind1="0" ind2="0"><subfield code="0">(DE-588)4036774-5</subfield><subfield code="D">s</subfield><subfield code="a">Lyrik </subfield></datafield><datafield tag="689" ind1="0" ind2="1"><subfield code="0">(DE-588)4184945-0</subfield><subfield code="D">s</subfield><subfield code="a">Textproduktion </subfield></datafield><datafield tag="689" ind1="0" ind2="2"><subfield code="0">(DE-588)4011975-0</subfield><subfield code="D">s</subfield><subfield code="a">Deutschunterricht </subfield></datafield><datafield tag="689" ind1="0" ind2="3"><subfield code="0">(DE-588)4022349-8</subfield><subfield code="D">s</subfield><subfield code="a">Grundschule</subfield><subfield code="5">DE-101</subfield></datafield><datafield tag="852" ind1=" " ind2=" "><subfield code="a">Frei 129</subfield><subfield code="b">PHFR</subfield><subfield code="c">GB 2986 W493</subfield></datafield><datafield tag="856" ind1="4" ind2=" "><subfield code="8">00</subfield><subfield code="u">http://www.auer-verlag.de/media/ntx/auer/sample/06397_Musterseite.pdf</subfield><subfield code="y">Auszug</subfield></datafield><datafield tag="856" ind1="4" ind2=" "><subfield code="8">01</subfield><subfield code="u">http://www.auer-verlag.de/media/ntx/auer/livebook/06397_Livebook/book.html</subfield><subfield code="y">Verlagsinformation</subfield></datafield><datafield tag="856" ind1="4" ind2=" "><subfield code="8">02</subfield><subfield code="u">http://www.auer-verlag.de/media/ntx/auer/content/06397_Inhaltsverzeichnis.pdf</subfield><subfield code="y">Inhaltsverzeichnis</subfield></datafield><datafield tag="980" ind1="0" ind2=" "><subfield code="a">00351073</subfield><subfield code="9">(PHFR)</subfield><subfield code="b">2.OG (35)</subfield><subfield code="c">GB 2986 W493</subfield><subfield code="d">Standardleihe (01)</subfield><subfield code="e">Verfügbar (X)</subfield></datafield></record>