
<record><leader>04486nam a2200000uu 4500</leader><controlfield tag="001">30057139</controlfield><controlfield tag="003">DE-Frei129</controlfield><controlfield tag="005">20220811084016.0</controlfield><controlfield tag="007">tu</controlfield><controlfield tag="008">100222s2010    ||||||||||||||||||||ger||</controlfield><datafield tag="015" ind1=" " ind2=" "><subfield code="a">10,N03</subfield></datafield><datafield tag="016" ind1="7" ind2=" "><subfield code="a">999243926</subfield><subfield code="2">DE-101</subfield></datafield><datafield tag="020" ind1=" " ind2=" "><subfield code="a">9783427403302</subfield><subfield code="9">9783427403302</subfield><subfield code="c">PB. : EUR 14.95, ca. EUR 14.95</subfield></datafield><datafield tag="024" ind1="3" ind2=" "><subfield code="a">9783427403302</subfield></datafield><datafield tag="035" ind1=" " ind2=" "><subfield code="a">(DE-576)617912955</subfield></datafield><datafield tag="041" ind1=" " ind2=" "><subfield code="a">ger</subfield></datafield><datafield tag="044" ind1=" " ind2=" "><subfield code="c">XA-DE-NW</subfield></datafield><datafield tag="100" ind1="1" ind2=" "><subfield code="a">Drützler-Heilgeist, Marthamaria</subfield><subfield code="0">(DE-Frei129)00577140</subfield></datafield><datafield tag="245" ind1="1" ind2="0"><subfield code="a">Betrifft Projektarbeit</subfield><subfield code="b">Selbstständig, methodisch, kooperativ Arbeitsbuch</subfield><subfield code="c">Marthamaria Drützler-Heilgeist; Anja Lautenbach</subfield></datafield><datafield tag="250" ind1=" " ind2=" "><subfield code="a">1. Aufl.</subfield></datafield><datafield tag="260" ind1="3" ind2=" "><subfield code="a">Troisdorf</subfield><subfield code="b">Bildungsverlag Eins</subfield><subfield code="c">2010</subfield></datafield><datafield tag="300" ind1=" " ind2=" "><subfield code="a">101 Seiten</subfield><subfield code="b">Ill</subfield><subfield code="c">297 mm x 210 mm</subfield><subfield code="e">1 CD-ROM (12 cm)</subfield></datafield><datafield tag="500" ind1=" " ind2=" "><subfield code="a">IMD-Felder maschinell generiert (GBV)</subfield></datafield><datafield tag="520" ind1=" " ind2=" "><subfield code="a">Eine Lernhilfe und Anleitung für Schüler, mit der sie lernen sollen, ein Projekt zu organisieren und durchzuführen; mit Checklisten und Formularen als Hilfsmittel</subfield></datafield><datafield tag="650" ind1=" " ind2="7"><subfield code="a">Projektunterricht</subfield><subfield code="0">(DE-Frei129)00019670</subfield><subfield code="0">(DE-588)4047445-8</subfield><subfield code="2">gnd</subfield></datafield><datafield tag="689" ind1="0" ind2="0"><subfield code="0">(DE-588)4047445-8</subfield><subfield code="D">s</subfield><subfield code="a">Projektunterricht</subfield><subfield code="5">DE-101</subfield></datafield><datafield tag="700" ind1="1" ind2=" "><subfield code="0">(DE-Frei129)30001184</subfield><subfield code="a">Lautenbach, Anja</subfield><subfield code="4">aut</subfield></datafield><datafield tag="852" ind1=" " ind2=" "><subfield code="a">Frei 129</subfield><subfield code="b">PHFR</subfield><subfield code="c">Paed H 630: 87</subfield></datafield><datafield tag="856" ind1="4" ind2=" "><subfield code="8">00</subfield><subfield code="u">http://deposit.d-nb.de/cgi-bin/dokserv?id=3407867&amp;prov=M&amp;dok_var=1&amp;dok_ext=htm</subfield><subfield code="y">Inhaltstext</subfield></datafield><datafield tag="856" ind1="4" ind2=" "><subfield code="8">01</subfield><subfield code="u">http://external.dandelon.com/download/attachments/dandelon/ids/AT0015F6A27D677BE7EA7C125784700540131.pdf</subfield><subfield code="y">Verlagsinformation</subfield></datafield><datafield tag="856" ind1="4" ind2=" "><subfield code="8">02</subfield><subfield code="u">https://external.dandelon.com/download/attachments/dandelon/ids/AT0015F6A27D677BE7EA7C125784700540131.pdf</subfield><subfield code="y">Inhaltsverzeichnis</subfield></datafield><datafield tag="856" ind1="4" ind2=" "><subfield code="8">03</subfield><subfield code="u">http://deposit.d-nb.de/cgi-bin/dokserv?id=3407867&amp;prov=M&amp;dok_var=1&amp;dok_ext=htm</subfield><subfield code="y">Verlagsinformation</subfield></datafield><datafield tag="980" ind1="0" ind2=" "><subfield code="a">00205000</subfield><subfield code="9">(PHFR)</subfield><subfield code="b">EG-Anbau (32)</subfield><subfield code="c">Paed H 630: 87</subfield><subfield code="d">Standardleihe (01)</subfield><subfield code="e">Verfügbar (X)</subfield></datafield></record>