
<record><leader>06591nam a2200000uu 4500</leader><controlfield tag="001">30056508</controlfield><controlfield tag="003">DE-Frei129</controlfield><controlfield tag="005">20220811084016.0</controlfield><controlfield tag="007">tu</controlfield><controlfield tag="008">100929s2010    |||||||||m||||||||||ger||</controlfield><datafield tag="015" ind1=" " ind2=" "><subfield code="a">11,A16</subfield></datafield><datafield tag="016" ind1="7" ind2=" "><subfield code="a">100720043X</subfield><subfield code="2">DE-101</subfield></datafield><datafield tag="020" ind1=" " ind2=" "><subfield code="a">9783942197052</subfield><subfield code="9">9783942197052</subfield><subfield code="c">kart. : EUR 34.90 (DE)</subfield></datafield><datafield tag="024" ind1="3" ind2=" "><subfield code="a">9783942197052</subfield></datafield><datafield tag="035" ind1=" " ind2=" "><subfield code="a">(DE-576)635804956</subfield></datafield><datafield tag="041" ind1=" " ind2=" "><subfield code="a">ger</subfield></datafield><datafield tag="044" ind1=" " ind2=" "><subfield code="c">XA-DE-NW</subfield></datafield><datafield tag="100" ind1="1" ind2=" "><subfield code="a">Möwes-Butschko, Gudrun</subfield><subfield code="0">(DE-Frei129)00592235</subfield><subfield code="0">(DE-588)143170856</subfield></datafield><datafield tag="245" ind1="1" ind2="0"><subfield code="a">Offene Aufgaben aus der Lebensumwelt Zoo</subfield><subfield code="b">Problemlöse- und Modellierungsprozesse von Grundschülerinnen und Grundschülern bei offenen realitätsnahen Aufgaben</subfield><subfield code="c">Gudrun Möwes-Butschko</subfield></datafield><datafield tag="250" ind1=" " ind2=" "><subfield code="a">1. Aufl.</subfield></datafield><datafield tag="260" ind1="3" ind2=" "><subfield code="a">Münster</subfield><subfield code="b">WTM, Verl. für Wiss. Texte und Medien</subfield><subfield code="c">2010</subfield></datafield><datafield tag="300" ind1=" " ind2=" "><subfield code="a">VI, 279 Seiten</subfield><subfield code="b">zahlr. Ill., graph. Darst.</subfield><subfield code="c">210 mm x 148 mm</subfield></datafield><datafield tag="490" ind1="1" ind2=" "><subfield code="a">Hochschulschriften zur Mathematik-Didaktik </subfield><subfield code="v">Bd. 2</subfield></datafield><datafield tag="500" ind1=" " ind2=" "><subfield code="a">Münster (Westf)</subfield></datafield><datafield tag="500" ind1=" " ind2=" "><subfield code="a">Literaturverz.: S. 240 - 260</subfield></datafield><datafield tag="500" ind1=" " ind2=" "><subfield code="a">IMD-Felder maschinell generiert (GBV)</subfield></datafield><datafield tag="502" ind1=" " ind2=" "><subfield code="a">Zugl.: Münster, Univ., Diss., 2010</subfield></datafield><datafield tag="650" ind1=" " ind2="7"><subfield code="a">Sachrechnen</subfield><subfield code="0">(DE-Frei129)00052437</subfield><subfield code="0">(DE-588)4140611-4</subfield><subfield code="2">gnd</subfield></datafield><datafield tag="650" ind1=" " ind2="7"><subfield code="a">Mathematikunterricht</subfield><subfield code="0">(DE-Frei129)00016130</subfield><subfield code="0">(DE-588)4037949-8</subfield><subfield code="2">gnd</subfield></datafield><datafield tag="650" ind1=" " ind2="7"><subfield code="a">Fächerübergreifender Unterricht</subfield><subfield code="0">(DE-Frei129)00056407</subfield><subfield code="0">(DE-588)4153520-0</subfield><subfield code="2">gnd</subfield></datafield><datafield tag="650" ind1=" " ind2="7"><subfield code="a">Problemlösen</subfield><subfield code="0">(DE-Frei129)00007026</subfield><subfield code="0">(DE-588)4076358-4</subfield><subfield code="2">gnd</subfield></datafield><datafield tag="650" ind1=" " ind2="7"><subfield code="a">Grundschule</subfield><subfield code="0">(DE-Frei129)00010240</subfield><subfield code="0">(DE-588)4022349-8</subfield><subfield code="2">gnd</subfield></datafield><datafield tag="650" ind1=" " ind2="7"><subfield code="a">Sekundarstufe 1</subfield><subfield code="0">(DE-Frei129)00021625</subfield><subfield code="0">(DE-588)4054365-1</subfield><subfield code="2">gnd</subfield></datafield><datafield tag="650" ind1=" " ind2="7"><subfield code="a">Paperback</subfield><subfield code="x">softback</subfield><subfield code="0">(DE-Frei129)02516355</subfield><subfield code="2">local</subfield></datafield><datafield tag="689" ind1="0" ind2="0"><subfield code="0">(DE-588)4140611-4</subfield><subfield code="D">s</subfield><subfield code="a">Sachrechnen </subfield></datafield><datafield tag="689" ind1="0" ind2="1"><subfield code="0">(DE-588)4037949-8</subfield><subfield code="D">s</subfield><subfield code="a">Mathematikunterricht </subfield></datafield><datafield tag="689" ind1="0" ind2="2"><subfield code="0">(DE-588)4153520-0</subfield><subfield code="D">s</subfield><subfield code="a">Fächerübergreifender Unterricht </subfield></datafield><datafield tag="689" ind1="0" ind2="3"><subfield code="0">(DE-588)4076358-4</subfield><subfield code="D">s</subfield><subfield code="a">Problemlösen </subfield></datafield><datafield tag="689" ind1="0" ind2="4"><subfield code="0">(DE-588)4022349-8</subfield><subfield code="D">s</subfield><subfield code="a">Grundschule </subfield></datafield><datafield tag="689" ind1="0" ind2="5"><subfield code="0">(DE-588)4054365-1</subfield><subfield code="D">s</subfield><subfield code="a">Sekundarstufe 1</subfield><subfield code="5">DE-101</subfield></datafield><datafield tag="689" ind1="1" ind2="0"><subfield code="A">s</subfield><subfield code="a">Paperback / softback</subfield><subfield code="5">DE-101</subfield></datafield><datafield tag="830" ind1=" " ind2="0"><subfield code="a">Hochschulschriften zur Mathematikdidaktik</subfield><subfield code="v">Bd. 2</subfield><subfield code="w">(DE-Frei129)00944253</subfield><subfield code="9">12</subfield></datafield><datafield tag="852" ind1=" " ind2=" "><subfield code="a">Frei129</subfield><subfield code="c">Math N 750: 63</subfield></datafield><datafield tag="856" ind1="4" ind2=" "><subfield code="8">00</subfield><subfield code="u">http://d-nb.info/100720043X/04</subfield><subfield code="y">Inhaltsverzeichnis</subfield></datafield><datafield tag="856" ind1="4" ind2=" "><subfield code="8">01</subfield><subfield code="u">https://zbmath.org/?q=an:1239.00025</subfield><subfield code="y">Inhaltstext</subfield></datafield><datafield tag="980" ind1="0" ind2=" "><subfield code="a">00220507</subfield><subfield code="9">(PHFR)</subfield><subfield code="b">UG (33)</subfield><subfield code="c">Math N 750: 63</subfield><subfield code="d">Standardleihe (01)</subfield><subfield code="e">Verfügbar (X)</subfield></datafield></record>