
<record><leader>02285nam a2200000uuc4500</leader><controlfield tag="001">26058951</controlfield><controlfield tag="003">DE-Frei129</controlfield><controlfield tag="005">20220811084016.0</controlfield><controlfield tag="007">tu</controlfield><controlfield tag="008">110414s2010    ||||||||||||||||||||ger||</controlfield><datafield tag="020" ind1=" " ind2=" "><subfield code="a">9783507494299</subfield><subfield code="9">9783507494299</subfield></datafield><datafield tag="035" ind1=" " ind2=" "><subfield code="a">(DE-576)1410389138</subfield></datafield><datafield tag="041" ind1=" " ind2=" "><subfield code="a">ger</subfield></datafield><datafield tag="245" ind1="1" ind2="0"><subfield code="a">Pusteblume - Das Sachbuch</subfield><subfield code="n">1, [Methodenh.]</subfield><subfield code="p">Fit mit Pusteblume. - Teil 1/2 / [erarb. von Dieter Kraft]</subfield><subfield code="c">[hrsg. von Dieter Kraft; Rolf Pommerening. Erarb. von Sylvia Arnold ...]</subfield></datafield><datafield tag="250" ind1=" " ind2=" "><subfield code="a">Dr. A</subfield></datafield><datafield tag="260" ind1="3" ind2=" "><subfield code="a">Braunschweig</subfield><subfield code="b">Schroedel</subfield><subfield code="c">2010</subfield></datafield><datafield tag="300" ind1=" " ind2=" "><subfield code="a">21 Seiten</subfield><subfield code="b">Ill., graph. Darst.</subfield><subfield code="c">30 cm, 68 g</subfield></datafield><datafield tag="500" ind1=" " ind2=" "><subfield code="a">Hier auch später erschienene, unveränderte Nachdrucke</subfield></datafield><datafield tag="500" ind1=" " ind2=" "><subfield code="a">Archivierung prüfen</subfield></datafield><datafield tag="773" ind1="0" ind2="8"><subfield code="w">(DE-Frei129)26058952</subfield><subfield code="q">11[METHODENH.]</subfield></datafield><datafield tag="852" ind1=" " ind2=" "><subfield code="a">Frei 129</subfield><subfield code="b">PHFR</subfield><subfield code="c">Paed M 150: 204 Z,1</subfield></datafield><datafield tag="980" ind1="0" ind2=" "><subfield code="a">00486248</subfield><subfield code="9">(PHFR)</subfield><subfield code="b">EG-Anbau (32)</subfield><subfield code="c">Paed M 150: 204 Z,1</subfield><subfield code="d">Standardleihe (01)</subfield><subfield code="e">Verfügbar (X)</subfield></datafield></record>