
<record><leader>03586nam a2200000uu 4500</leader><controlfield tag="001">26044327</controlfield><controlfield tag="003">DE-Frei129</controlfield><controlfield tag="005">20220811084016.0</controlfield><controlfield tag="007">tu</controlfield><controlfield tag="008">110407s2010    ||||||||||||||||||||eng||</controlfield><datafield tag="020" ind1=" " ind2=" "><subfield code="a">9780734411372</subfield><subfield code="9">978-0-7344-1137-2</subfield><subfield code="c">pbk : $17.99</subfield></datafield><datafield tag="020" ind1=" " ind2=" "><subfield code="a">0734411375</subfield><subfield code="9">0-7344-1137-5</subfield><subfield code="c">pbk</subfield></datafield><datafield tag="020" ind1=" " ind2=" "><subfield code="a">9780734401724</subfield><subfield code="9">978-0-7344-0172-4</subfield><subfield code="c">hbk.</subfield></datafield><datafield tag="035" ind1=" " ind2=" "><subfield code="a">(DE-576)1609135172</subfield></datafield><datafield tag="041" ind1=" " ind2=" "><subfield code="a">eng</subfield></datafield><datafield tag="044" ind1=" " ind2=" "><subfield code="c">XE-AU</subfield></datafield><datafield tag="245" ind1="1" ind2="4"><subfield code="a">The red tree</subfield><subfield code="c">Shaun Tan</subfield></datafield><datafield tag="250" ind1=" " ind2=" "><subfield code="a">Paperback ed., repr.</subfield></datafield><datafield tag="260" ind1="3" ind2=" "><subfield code="a">Sydney</subfield><subfield code="b">Hachette Australia</subfield><subfield code="c">2010</subfield></datafield><datafield tag="300" ind1=" " ind2=" "><subfield code="a">16  Blatt</subfield><subfield code="b">überwiegend Ill.</subfield></datafield><datafield tag="490" ind1="0" ind2=" "><subfield code="a">A Lothian children&apos;s book</subfield></datafield><datafield tag="500" ind1=" " ind2=" "><subfield code="a">For primary school age</subfield></datafield><datafield tag="700" ind1="1" ind2=" "><subfield code="0">(DE-588)139489657</subfield><subfield code="0">(DE-Frei129)00160678</subfield><subfield code="a">Tan, Shaun</subfield><subfield code="4">aut</subfield></datafield><datafield tag="852" ind1=" " ind2=" "><subfield code="a">Frei 129</subfield><subfield code="b">PHFR</subfield><subfield code="c">ED 5540 T161 R3</subfield></datafield><datafield tag="980" ind1="0" ind2=" "><subfield code="a">00363577</subfield><subfield code="9">(PHFR)</subfield><subfield code="b">Handbibliothek (50)</subfield><subfield code="c">JuLi L 50: 177</subfield><subfield code="d">Handbibliothek - nie verleihbar (54)</subfield><subfield code="e">Verfügbar (X)</subfield></datafield><datafield tag="980" ind1="0" ind2=" "><subfield code="a">00479429</subfield><subfield code="9">(PHFR)</subfield><subfield code="b">Handbibliothek (50)</subfield><subfield code="c">ED 5540 T161 R3</subfield><subfield code="d">Handbibliothek - nie verleihbar (54)</subfield><subfield code="e">Verfügbar (X)</subfield></datafield><datafield tag="980" ind1="0" ind2=" "><subfield code="a">00479430</subfield><subfield code="9">(PHFR)</subfield><subfield code="b">Handbibliothek (50)</subfield><subfield code="c">ED 5540 T161 R3 +1</subfield><subfield code="d">Handbibliothek - nie verleihbar (54)</subfield><subfield code="e">Verfügbar (X)</subfield></datafield><datafield tag="980" ind1="0" ind2=" "><subfield code="a">00479431</subfield><subfield code="9">(PHFR)</subfield><subfield code="b">Handbibliothek (50)</subfield><subfield code="c">ED 5540 T161 R3 +2</subfield><subfield code="d">Handbibliothek - nie verleihbar (54)</subfield><subfield code="e">Verfügbar (X)</subfield></datafield></record>