
<record><leader>03104nam a2200000uu 4500</leader><controlfield tag="001">26044090</controlfield><controlfield tag="003">DE-Frei129</controlfield><controlfield tag="005">20220811084016.0</controlfield><controlfield tag="007">tu</controlfield><controlfield tag="008">140709s2010    ||||||||||||||||||||eng||</controlfield><datafield tag="016" ind1="7" ind2=" "><subfield code="a">627179630</subfield><subfield code="2">DE-101</subfield></datafield><datafield tag="020" ind1=" " ind2=" "><subfield code="a">9780807751329</subfield><subfield code="9">9780807751329</subfield><subfield code="c">pbk : alk. paper</subfield></datafield><datafield tag="020" ind1=" " ind2=" "><subfield code="a">9780807751336</subfield><subfield code="9">9780807751336</subfield><subfield code="c">cloth : alk. paper</subfield></datafield><datafield tag="035" ind1=" " ind2=" "><subfield code="a">(DE-576)1609902203</subfield></datafield><datafield tag="041" ind1=" " ind2=" "><subfield code="a">eng</subfield></datafield><datafield tag="044" ind1=" " ind2=" "><subfield code="c">XD-US</subfield></datafield><datafield tag="245" ind1="1" ind2="0"><subfield code="a">Artifactual literacies</subfield><subfield code="b">every object tells a story</subfield><subfield code="c">Kate Pahl and Jennifer Rowsell</subfield></datafield><datafield tag="260" ind1="3" ind2=" "><subfield code="a">New York, NY [u.a.]</subfield><subfield code="b">Teachers College Press</subfield><subfield code="c">c2010</subfield></datafield><datafield tag="300" ind1=" " ind2=" "><subfield code="a">X, 165  Seiten</subfield><subfield code="b">Ill., graph. Darst.</subfield><subfield code="c">23 cm</subfield></datafield><datafield tag="490" ind1="0" ind2=" "><subfield code="a">Language and literacy series</subfield></datafield><datafield tag="500" ind1=" " ind2=" "><subfield code="a">Includes bibliographical references and index</subfield></datafield><datafield tag="500" ind1=" " ind2=" "><subfield code="a">Erscheinungsjahr in Vorlageform:c2010</subfield></datafield><datafield tag="700" ind1="1" ind2=" "><subfield code="0">(DE-Frei129)00373924</subfield><subfield code="a">Pahl, Kate</subfield><subfield code="4">aut</subfield></datafield><datafield tag="700" ind1="1" ind2=" "><subfield code="0">(DE-588)141492813</subfield><subfield code="0">(DE-Frei129)42000668</subfield><subfield code="a">Rowsell, Jennifer</subfield><subfield code="4">aut</subfield></datafield><datafield tag="852" ind1=" " ind2=" "><subfield code="a">Frei 129</subfield><subfield code="b">PHFR</subfield><subfield code="c">HD 208 P141</subfield></datafield><datafield tag="856" ind1="4" ind2=" "><subfield code="8">00</subfield><subfield code="u">http://www.gbv.de/dms/bowker/toc/9780807751329.pdf</subfield><subfield code="y">Inhaltsverzeichnis</subfield></datafield><datafield tag="980" ind1="0" ind2=" "><subfield code="a">00359085</subfield><subfield code="9">(PHFR)</subfield><subfield code="b">2.OG (35)</subfield><subfield code="c">HD 208 P141</subfield><subfield code="d">Standardleihe (01)</subfield><subfield code="e">Verfügbar (X)</subfield></datafield></record>