
<record><leader>06811nam a2200000uu 4500</leader><controlfield tag="001">26041228</controlfield><controlfield tag="003">DE-Frei129</controlfield><controlfield tag="005">20220811084016.0</controlfield><controlfield tag="007">tu</controlfield><controlfield tag="008">131105s2010    ||||||||||||||||||||eng||</controlfield><datafield tag="020" ind1=" " ind2=" "><subfield code="a">9780142415436</subfield><subfield code="9">9780142415436</subfield><subfield code="c">pbk.</subfield></datafield><datafield tag="020" ind1=" " ind2=" "><subfield code="a">014241543X</subfield><subfield code="9">014241543X</subfield><subfield code="c">pbk.</subfield></datafield><datafield tag="024" ind1="3" ind2=" "><subfield code="a">9780142415436</subfield></datafield><datafield tag="035" ind1=" " ind2=" "><subfield code="a">(DE-576)160594176X</subfield></datafield><datafield tag="041" ind1=" " ind2=" "><subfield code="a">eng</subfield></datafield><datafield tag="044" ind1=" " ind2=" "><subfield code="c">XD-US</subfield></datafield><datafield tag="245" ind1="1" ind2="0"><subfield code="a">If I stay</subfield><subfield code="c">Gayle Forman</subfield></datafield><datafield tag="260" ind1="3" ind2=" "><subfield code="a">New York</subfield><subfield code="b">Speak</subfield><subfield code="c">c2009</subfield></datafield><datafield tag="300" ind1=" " ind2=" "><subfield code="a">262, 25 Seiten</subfield></datafield><datafield tag="500" ind1=" " ind2=" "><subfield code="a">Originally published: New York : Dutton Books, c2009. - Speak an imprint of Penguin Group (USA) Inc. -  Includes discussion guide</subfield></datafield><datafield tag="520" ind1=" " ind2=" "><subfield code="a">While in a coma following an automobile accident that killed her parents and younger brother, seventeen-year-old Mia, a gifted cellist, weighs whether to live with her grief or join her family in death</subfield></datafield><datafield tag="650" ind1=" " ind2="7"><subfield code="a">Forman, Gayle</subfield><subfield code="0">(DE-Frei129)01718735</subfield><subfield code="2">local</subfield></datafield><datafield tag="650" ind1=" " ind2="7"><subfield code="a">Activity programs</subfield><subfield code="0">(DE-Frei129)00240142</subfield><subfield code="2">local</subfield></datafield><datafield tag="650" ind1=" " ind2="7"><subfield code="a">Study and teaching</subfield><subfield code="0">(DE-Frei129)00237273</subfield><subfield code="2">local</subfield></datafield><datafield tag="650" ind1=" " ind2="7"><subfield code="a">Coma</subfield><subfield code="0">(DE-Frei129)01714653</subfield><subfield code="2">local</subfield></datafield><datafield tag="650" ind1=" " ind2="7"><subfield code="a">Fiction</subfield><subfield code="0">(DE-Frei129)00238008</subfield><subfield code="2">local</subfield></datafield><datafield tag="650" ind1=" " ind2="7"><subfield code="a">Death</subfield><subfield code="0">(DE-Frei129)00242090</subfield><subfield code="2">local</subfield></datafield><datafield tag="650" ind1=" " ind2="7"><subfield code="a">Medical fiction</subfield><subfield code="0">(DE-Frei129)00768292</subfield><subfield code="2">local</subfield></datafield><datafield tag="650" ind1=" " ind2="7"><subfield code="a">Cellists</subfield><subfield code="0">(DE-Frei129)01718736</subfield><subfield code="2">local</subfield></datafield><datafield tag="650" ind1=" " ind2="7"><subfield code="a">Families</subfield><subfield code="0">(DE-Frei129)00242019</subfield><subfield code="2">local</subfield></datafield><datafield tag="650" ind1=" " ind2="7"><subfield code="a">Oregon</subfield><subfield code="0">(DE-Frei129)00640132</subfield><subfield code="2">local</subfield></datafield><datafield tag="650" ind1=" " ind2="7"><subfield code="a">Book club in a bag</subfield><subfield code="0">(DE-Frei129)01718737</subfield><subfield code="2">local</subfield></datafield><datafield tag="689" ind1="0" ind2="0"><subfield code="A">s</subfield><subfield code="a">Forman, Gayle </subfield></datafield><datafield tag="689" ind1="0" ind2="1"><subfield code="A">s</subfield><subfield code="a">Activity programs </subfield></datafield><datafield tag="689" ind1="0" ind2="2"><subfield code="A">s</subfield><subfield code="a">Study and teaching</subfield><subfield code="5">DE-101</subfield></datafield><datafield tag="689" ind1="1" ind2="0"><subfield code="A">s</subfield><subfield code="a">Coma </subfield></datafield><datafield tag="689" ind1="1" ind2="1"><subfield code="A">s</subfield><subfield code="a">Fiction</subfield><subfield code="5">DE-101</subfield></datafield><datafield tag="689" ind1="2" ind2="0"><subfield code="A">s</subfield><subfield code="a">Death </subfield></datafield><datafield tag="689" ind1="2" ind2="1"><subfield code="A">s</subfield><subfield code="a">Fiction</subfield><subfield code="5">DE-101</subfield></datafield><datafield tag="689" ind1="3" ind2="0"><subfield code="A">s</subfield><subfield code="a">Medical fiction</subfield><subfield code="5">DE-101</subfield></datafield><datafield tag="689" ind1="4" ind2="0"><subfield code="A">s</subfield><subfield code="a">Cellists </subfield></datafield><datafield tag="689" ind1="4" ind2="1"><subfield code="A">s</subfield><subfield code="a">Fiction</subfield><subfield code="5">DE-101</subfield></datafield><datafield tag="689" ind1="5" ind2="0"><subfield code="A">s</subfield><subfield code="a">Families </subfield></datafield><datafield tag="689" ind1="5" ind2="1"><subfield code="A">s</subfield><subfield code="a">Fiction </subfield></datafield><datafield tag="689" ind1="5" ind2="2"><subfield code="A">s</subfield><subfield code="a">Oregon</subfield><subfield code="5">DE-101</subfield></datafield><datafield tag="689" ind1="6" ind2="0"><subfield code="A">s</subfield><subfield code="a">Book club in a bag</subfield><subfield code="5">DE-101</subfield></datafield><datafield tag="689" ind1="7" ind2="0"><subfield code="A">s</subfield><subfield code="a">Oregon </subfield></datafield><datafield tag="689" ind1="7" ind2="1"><subfield code="A">s</subfield><subfield code="a">Fiction</subfield><subfield code="5">DE-101</subfield></datafield><datafield tag="700" ind1="1" ind2=" "><subfield code="0">(DE-588)140174397</subfield><subfield code="0">(DE-Frei129)26005127</subfield><subfield code="a">Forman, Gayle</subfield><subfield code="4">aut</subfield></datafield><datafield tag="852" ind1=" " ind2=" "><subfield code="a">Frei 129</subfield><subfield code="b">PHFR</subfield><subfield code="c">Fre O 580: 290</subfield></datafield><datafield tag="980" ind1="0" ind2=" "><subfield code="a">00394139</subfield><subfield code="9">(PHFR)</subfield><subfield code="b">Handbibliothek (50)</subfield><subfield code="c">Fre O 580: 290</subfield><subfield code="d">Handbibliothek - nie verleihbar (54)</subfield><subfield code="e">Verfügbar (X)</subfield></datafield></record>