
<record><leader>01850nam a2200000uuc4500</leader><controlfield tag="001">26038840</controlfield><controlfield tag="003">DE-Frei129</controlfield><controlfield tag="005">20220811084016.0</controlfield><controlfield tag="007">tu</controlfield><controlfield tag="008">130314s2010    ||||||||||||||||||||ger||</controlfield><datafield tag="020" ind1=" " ind2=" "><subfield code="a">9783466507917</subfield><subfield code="9">9783466507917</subfield></datafield><datafield tag="035" ind1=" " ind2=" "><subfield code="a">(DE-576)1449981607</subfield></datafield><datafield tag="041" ind1=" " ind2=" "><subfield code="a">ger</subfield></datafield><datafield tag="245" ind1="1" ind2="0"><subfield code="a">Treffpunkt RU</subfield><subfield code="b">katholischer Religionsunterricht im ... Schuljahr</subfield><subfield code="n">7/8, Lehrerkommentar</subfield><subfield code="c">erarb. von Reinhard Bamming und Maria Trendelkamp</subfield></datafield><datafield tag="260" ind1="3" ind2=" "><subfield code="a">München</subfield><subfield code="b">Kösel</subfield><subfield code="c">2010</subfield></datafield><datafield tag="300" ind1=" " ind2=" "><subfield code="a">208 Seiten</subfield></datafield><datafield tag="773" ind1="0" ind2="8"><subfield code="w">(DE-Frei129)00118945</subfield><subfield code="q">7/8LEHR42010</subfield></datafield><datafield tag="852" ind1=" " ind2=" "><subfield code="a">Frei 129</subfield><subfield code="b">PHFR</subfield><subfield code="c">BU 2610 T786 L -7/8</subfield></datafield><datafield tag="980" ind1="0" ind2=" "><subfield code="a">00389640</subfield><subfield code="9">(PHFR)</subfield><subfield code="b">Handbibliothek (50)</subfield><subfield code="c">Theo W 300: 39 L,7/8</subfield><subfield code="d">Handbibliothek - nie verleihbar (54)</subfield><subfield code="e">Verfügbar (X)</subfield></datafield></record>