
<record><leader>06309nam a2200000uu 4500</leader><controlfield tag="001">26038513</controlfield><controlfield tag="003">DE-Frei129</controlfield><controlfield tag="005">20220811084016.0</controlfield><controlfield tag="007">tu</controlfield><controlfield tag="008">100628s2010    ||||||||||||||||||||ger||</controlfield><datafield tag="015" ind1=" " ind2=" "><subfield code="a">10,N26</subfield></datafield><datafield tag="016" ind1="7" ind2=" "><subfield code="a">1003711863</subfield><subfield code="2">DE-101</subfield></datafield><datafield tag="020" ind1=" " ind2=" "><subfield code="a">9783902666116</subfield><subfield code="9">9783902666116</subfield><subfield code="c">ENGLBR. : EUR 24.90 (AT)</subfield></datafield><datafield tag="024" ind1="3" ind2=" "><subfield code="a">9783902666116</subfield></datafield><datafield tag="035" ind1=" " ind2=" "><subfield code="a">(DE-576)630165130</subfield></datafield><datafield tag="041" ind1=" " ind2=" "><subfield code="a">ger</subfield></datafield><datafield tag="044" ind1=" " ind2=" "><subfield code="c">XA-AT</subfield></datafield><datafield tag="100" ind1="1" ind2=" "><subfield code="a">Koller, Annelies</subfield><subfield code="0">(DE-Frei129)26004595</subfield></datafield><datafield tag="245" ind1="1" ind2="0"><subfield code="a">Interkulturelle Impulse für den Sprachenunterricht</subfield><subfield code="b">europäisches Sprachenportfolio, Partnerschulaustausch, Sprachprojekte</subfield><subfield code="c">Annelies Koller</subfield></datafield><datafield tag="260" ind1="3" ind2=" "><subfield code="a">Graz</subfield><subfield code="b">Uni-Press Graz Verl.</subfield><subfield code="c">2010</subfield></datafield><datafield tag="300" ind1=" " ind2=" "><subfield code="a">196 Seiten</subfield><subfield code="b">Ill.</subfield><subfield code="c">240 mm x 170 mm</subfield></datafield><datafield tag="500" ind1=" " ind2=" "><subfield code="a">IMD-Felder maschinell generiert (GBV)</subfield></datafield><datafield tag="650" ind1=" " ind2="7"><subfield code="a">Fremdsprachenunterricht</subfield><subfield code="0">(DE-Frei129)00008718</subfield><subfield code="0">(DE-588)4018428-6</subfield><subfield code="2">gnd</subfield></datafield><datafield tag="650" ind1=" " ind2="7"><subfield code="a">Interkulturelles Lernen</subfield><subfield code="0">(DE-Frei129)00040502</subfield><subfield code="0">(DE-588)4245398-7</subfield><subfield code="2">gnd</subfield></datafield><datafield tag="650" ind1=" " ind2="7"><subfield code="a">Europäisches Sprachenportfolio</subfield><subfield code="0">(DE-Frei129)00591152</subfield><subfield code="0">(DE-588)7852835-5</subfield><subfield code="2">gnd</subfield></datafield><datafield tag="650" ind1=" " ind2="7"><subfield code="a">Schulpartnerschaft</subfield><subfield code="0">(DE-Frei129)00066806</subfield><subfield code="0">(DE-588)4180184-2</subfield><subfield code="2">gnd</subfield></datafield><datafield tag="650" ind1=" " ind2="7"><subfield code="a">Schüleraustausch</subfield><subfield code="0">(DE-Frei129)00066804</subfield><subfield code="0">(DE-588)4180033-3</subfield><subfield code="2">gnd</subfield></datafield><datafield tag="650" ind1=" " ind2="7"><subfield code="a">Österreich</subfield><subfield code="0">(DE-Frei129)00491634</subfield><subfield code="2">local</subfield></datafield><datafield tag="650" ind1=" " ind2="7"><subfield code="a">Kultur/Sprache/Kunst</subfield><subfield code="0">(DE-Frei129)02003065</subfield><subfield code="2">local</subfield></datafield><datafield tag="650" ind1=" " ind2="7"><subfield code="a">Kulturaustausch/Kulturkontakt</subfield><subfield code="0">(DE-Frei129)01986089</subfield><subfield code="2">local</subfield></datafield><datafield tag="689" ind1="0" ind2="0"><subfield code="0">(DE-588)4018428-6</subfield><subfield code="D">s</subfield><subfield code="a">Fremdsprachenunterricht </subfield></datafield><datafield tag="689" ind1="0" ind2="1"><subfield code="0">(DE-588)4245398-7</subfield><subfield code="D">s</subfield><subfield code="a">Interkulturelles Lernen </subfield></datafield><datafield tag="689" ind1="0" ind2="2"><subfield code="0">(DE-588)7852835-5</subfield><subfield code="D">s</subfield><subfield code="a">Europäisches Sprachenportfolio </subfield></datafield><datafield tag="689" ind1="0" ind2="3"><subfield code="0">(DE-588)4180184-2</subfield><subfield code="D">s</subfield><subfield code="a">Schulpartnerschaft </subfield></datafield><datafield tag="689" ind1="0" ind2="4"><subfield code="0">(DE-588)4180033-3</subfield><subfield code="D">s</subfield><subfield code="a">Schüleraustausch</subfield><subfield code="5">DE-101</subfield></datafield><datafield tag="689" ind1="1" ind2="0"><subfield code="A">s</subfield><subfield code="a">Österreich </subfield></datafield><datafield tag="689" ind1="1" ind2="1"><subfield code="A">s</subfield><subfield code="a">Kultur/Sprache/Kunst </subfield></datafield><datafield tag="689" ind1="1" ind2="2"><subfield code="A">s</subfield><subfield code="a">Kulturaustausch/Kulturkontakt</subfield><subfield code="5">DE-101</subfield></datafield><datafield tag="852" ind1=" " ind2=" "><subfield code="a">Frei 129</subfield><subfield code="b">PHFR</subfield><subfield code="c">ES 750 K81</subfield></datafield><datafield tag="856" ind1="4" ind2=" "><subfield code="8">00</subfield><subfield code="u">http://deposit.d-nb.de/cgi-bin/dokserv?id=3495171&amp;prov=M&amp;dok_var=1&amp;dok_ext=htm</subfield><subfield code="y">Inhaltstext</subfield></datafield><datafield tag="856" ind1="4" ind2=" "><subfield code="8">01</subfield><subfield code="u">http://d-nb.info/1003711863/04</subfield><subfield code="y">Verlagsinformation</subfield></datafield><datafield tag="980" ind1="0" ind2=" "><subfield code="a">00216693</subfield><subfield code="9">(PHFR)</subfield><subfield code="b">2.OG (35)</subfield><subfield code="c">ES 750 K81</subfield><subfield code="d">Standardleihe (01)</subfield><subfield code="e">Verfügbar (X)</subfield></datafield><datafield tag="980" ind1="0" ind2=" "><subfield code="a">00224454</subfield><subfield code="9">(PHFR)</subfield><subfield code="b">2.OG (35)</subfield><subfield code="c">ES 750 K81 +1</subfield><subfield code="d">Standardleihe (01)</subfield><subfield code="e">ausgeliehen (A) - Fälligkeitsdatum: 11.07.2022</subfield></datafield></record>