
<record><leader>02465nam a2200000uu 4500</leader><controlfield tag="001">26037106</controlfield><controlfield tag="003">DE-Frei129</controlfield><controlfield tag="005">20220811084016.0</controlfield><controlfield tag="007">tu</controlfield><controlfield tag="008">121108s2010    ||||||||||||||||||||eng||</controlfield><datafield tag="020" ind1=" " ind2=" "><subfield code="a">0814152279</subfield><subfield code="9">0814152279</subfield></datafield><datafield tag="020" ind1=" " ind2=" "><subfield code="a">9780814152270</subfield><subfield code="9">9780814152270</subfield></datafield><datafield tag="035" ind1=" " ind2=" "><subfield code="a">(DE-576)1619615622</subfield></datafield><datafield tag="041" ind1=" " ind2=" "><subfield code="a">eng</subfield></datafield><datafield tag="044" ind1=" " ind2=" "><subfield code="c">XD-US</subfield></datafield><datafield tag="100" ind1="1" ind2=" "><subfield code="a">Hornsby, David</subfield><subfield code="0">(DE-Frei129)26004339</subfield><subfield code="4">aut</subfield></datafield><datafield tag="245" ind1="1" ind2="0"><subfield code="a">Teaching phonics in context</subfield><subfield code="c">David Hornsby, Lorraine Wilson</subfield></datafield><datafield tag="260" ind1="3" ind2=" "><subfield code="a">Urbana, Ill.</subfield><subfield code="b">NCTE, National Council of Teachers of English</subfield><subfield code="c">2010</subfield></datafield><datafield tag="300" ind1=" " ind2=" "><subfield code="a">XIII, 255 Seiten</subfield><subfield code="b">Ill.</subfield><subfield code="c">24 cm</subfield></datafield><datafield tag="500" ind1=" " ind2=" "><subfield code="a">Includes bibliographical references and index</subfield></datafield><datafield tag="500" ind1=" " ind2=" "><subfield code="a">Erscheinungsjahr in Vorlageform:c2010</subfield></datafield><datafield tag="700" ind1="1" ind2=" "><subfield code="0">(DE-Frei129)26004340</subfield><subfield code="a">Wilson, Lorraine</subfield><subfield code="4">aut</subfield></datafield><datafield tag="852" ind1=" " ind2=" "><subfield code="a">Frei 129</subfield><subfield code="b">PHFR</subfield><subfield code="c">HD 198 H816</subfield></datafield><datafield tag="980" ind1="0" ind2=" "><subfield code="a">00233933</subfield><subfield code="9">(PHFR)</subfield><subfield code="b">2.OG (35)</subfield><subfield code="c">HD 198 H816</subfield><subfield code="d">Standardleihe (01)</subfield><subfield code="e">Verfügbar (X)</subfield></datafield></record>