
<record><leader>07029nam a2200000uu 4500</leader><controlfield tag="001">26037095</controlfield><controlfield tag="003">DE-Frei129</controlfield><controlfield tag="005">20220811084016.0</controlfield><controlfield tag="007">tu</controlfield><controlfield tag="008">121108s2010    ||||||||||||||||||||eng||</controlfield><datafield tag="020" ind1=" " ind2=" "><subfield code="a">9780814152997</subfield><subfield code="9">978-0-8141-5299-7</subfield><subfield code="c">(pbk</subfield></datafield><datafield tag="035" ind1=" " ind2=" "><subfield code="a">(DE-576)161961202X</subfield></datafield><datafield tag="041" ind1=" " ind2=" "><subfield code="a">eng</subfield></datafield><datafield tag="044" ind1=" " ind2=" "><subfield code="c">XD-US</subfield></datafield><datafield tag="245" ind1="1" ind2="0"><subfield code="a">Adolescents and digital literacies</subfield><subfield code="b">learning alongside our students</subfield><subfield code="c">Sara Kajder</subfield></datafield><datafield tag="260" ind1="3" ind2=" "><subfield code="a">Urbana, IL</subfield><subfield code="b">National Council of Teachers of English</subfield><subfield code="c">2010 c 2010</subfield></datafield><datafield tag="300" ind1=" " ind2=" "><subfield code="a">XIX, 119  Seiten</subfield></datafield><datafield tag="490" ind1="0" ind2=" "><subfield code="a">Principles in practice: adolescent literacy</subfield></datafield><datafield tag="500" ind1=" " ind2=" "><subfield code="a">Includes bibliographical references and index</subfield></datafield><datafield tag="500" ind1=" " ind2=" "><subfield code="a">IMD-Felder und 1131 maschinell ergänzt ; 5090: knweph18 ; 5550: knweph,s18</subfield></datafield><datafield tag="520" ind1=" " ind2=" "><subfield code="a">Situating the conversation: new literacies, technology, and learning in the English/language arts classroom -- Digital youth -- The twenty-first century English teacher -- Information navigation and critical evaluation -- Reading and writing multimodal texts -- Writing together: participatory media, collaboration, and the English classroom -- Conclusion: on the horizon</subfield></datafield><datafield tag="650" ind1=" " ind2="7"><subfield code="a">Language arts (Secondary)</subfield><subfield code="0">(DE-Frei129)01879342</subfield><subfield code="2">local</subfield></datafield><datafield tag="650" ind1=" " ind2="7"><subfield code="a">Computer-assisted instruction</subfield><subfield code="0">(DE-Frei129)00242054</subfield><subfield code="2">local</subfield></datafield><datafield tag="650" ind1=" " ind2="7"><subfield code="a">Internet in education</subfield><subfield code="0">(DE-Frei129)00242653</subfield><subfield code="2">local</subfield></datafield><datafield tag="650" ind1=" " ind2="7"><subfield code="a">Computer literacy</subfield><subfield code="0">(DE-Frei129)00441527</subfield><subfield code="2">local</subfield></datafield><datafield tag="650" ind1=" " ind2="7"><subfield code="a">Englisch</subfield><subfield code="0">(DE-Frei129)00006961</subfield><subfield code="0">(DE-588)4014777-0</subfield><subfield code="2">gnd</subfield></datafield><datafield tag="650" ind1=" " ind2="7"><subfield code="a">Englischunterricht</subfield><subfield code="0">(DE-Frei129)00006965</subfield><subfield code="0">(DE-588)4014801-4</subfield><subfield code="2">gnd</subfield></datafield><datafield tag="650" ind1=" " ind2="7"><subfield code="a">Schreib- und Lesefähigkeit</subfield><subfield code="0">(DE-Frei129)00027157</subfield><subfield code="0">(DE-588)4481193-7</subfield><subfield code="2">gnd</subfield></datafield><datafield tag="650" ind1=" " ind2="7"><subfield code="a">Schüler</subfield><subfield code="0">(DE-Frei129)00002305</subfield><subfield code="0">(DE-588)4053369-4</subfield><subfield code="2">gnd</subfield></datafield><datafield tag="650" ind1=" " ind2="7"><subfield code="a">Medienkompetenz</subfield><subfield code="0">(DE-Frei129)00108653</subfield><subfield code="0">(DE-588)4680767-6</subfield><subfield code="2">gnd</subfield></datafield><datafield tag="650" ind1=" " ind2="7"><subfield code="a">Benutzerverhalten</subfield><subfield code="0">(DE-Frei129)00040095</subfield><subfield code="0">(DE-588)4122898-4</subfield><subfield code="2">gnd</subfield></datafield><datafield tag="650" ind1=" " ind2="7"><subfield code="a">Neue Medien</subfield><subfield code="0">(DE-Frei129)00011888</subfield><subfield code="0">(DE-588)4196910-8</subfield><subfield code="2">gnd</subfield></datafield><datafield tag="689" ind1="0" ind2="0"><subfield code="A">s</subfield><subfield code="a">Language arts (Secondary) </subfield></datafield><datafield tag="689" ind1="0" ind2="1"><subfield code="A">s</subfield><subfield code="a">Computer-assisted instruction</subfield><subfield code="5">DE-101</subfield></datafield><datafield tag="689" ind1="1" ind2="0"><subfield code="A">s</subfield><subfield code="a">Internet in education</subfield><subfield code="5">DE-101</subfield></datafield><datafield tag="689" ind1="2" ind2="0"><subfield code="A">s</subfield><subfield code="a">Computer literacy</subfield><subfield code="5">DE-101</subfield></datafield><datafield tag="689" ind1="3" ind2="0"><subfield code="0">(DE-588)4014777-0</subfield><subfield code="D">s</subfield><subfield code="a">Englisch </subfield></datafield><datafield tag="689" ind1="3" ind2="1"><subfield code="0">(DE-588)4014801-4</subfield><subfield code="D">s</subfield><subfield code="a">Englischunterricht </subfield></datafield><datafield tag="689" ind1="3" ind2="2"><subfield code="0">(DE-588)4481193-7</subfield><subfield code="D">s</subfield><subfield code="a">Schreib- und Lesefähigkeit </subfield></datafield><datafield tag="689" ind1="3" ind2="3"><subfield code="0">(DE-588)4053369-4</subfield><subfield code="D">s</subfield><subfield code="a">Schüler </subfield></datafield><datafield tag="689" ind1="3" ind2="4"><subfield code="0">(DE-588)4680767-6</subfield><subfield code="D">s</subfield><subfield code="a">Medienkompetenz </subfield></datafield><datafield tag="689" ind1="3" ind2="5"><subfield code="0">(DE-588)4122898-4</subfield><subfield code="D">s</subfield><subfield code="a">Benutzerverhalten </subfield></datafield><datafield tag="689" ind1="3" ind2="6"><subfield code="0">(DE-588)4196910-8</subfield><subfield code="D">s</subfield><subfield code="a">Neue Medien</subfield><subfield code="5">DE-101</subfield></datafield><datafield tag="700" ind1="1" ind2=" "><subfield code="0">(DE-Frei129)26004328</subfield><subfield code="a">Kajder, Sara B.</subfield><subfield code="4">aut</subfield></datafield><datafield tag="852" ind1=" " ind2=" "><subfield code="a">Frei 129</subfield><subfield code="b">PHFR</subfield><subfield code="c">HD 183 K13</subfield></datafield><datafield tag="980" ind1="0" ind2=" "><subfield code="a">00233929</subfield><subfield code="9">(PHFR)</subfield><subfield code="b">2.OG (35)</subfield><subfield code="c">HD 183 K13</subfield><subfield code="d">Standardleihe (01)</subfield><subfield code="e">Verfügbar (X)</subfield></datafield></record>