
<record><leader>05615nam a2200000uu 4500</leader><controlfield tag="001">26037094</controlfield><controlfield tag="003">DE-Frei129</controlfield><controlfield tag="005">20220811084017.0</controlfield><controlfield tag="007">tu</controlfield><controlfield tag="008">121108s2010    ||||||||||||||||||||eng||</controlfield><datafield tag="016" ind1="7" ind2=" "><subfield code="a">625261526</subfield><subfield code="2">DE-101</subfield></datafield><datafield tag="020" ind1=" " ind2=" "><subfield code="a">9780814100561</subfield><subfield code="9">9780814100561</subfield><subfield code="c">(pbk</subfield></datafield><datafield tag="035" ind1=" " ind2=" "><subfield code="a">(DE-576)1619611627</subfield></datafield><datafield tag="041" ind1=" " ind2=" "><subfield code="a">eng</subfield></datafield><datafield tag="044" ind1=" " ind2=" "><subfield code="c">XD-US</subfield></datafield><datafield tag="245" ind1="1" ind2="0"><subfield code="a">Adolescent literacy and the teaching of reading</subfield><subfield code="b">lessons for teachers of literature</subfield><subfield code="c">Deborah Appleman</subfield></datafield><datafield tag="260" ind1="3" ind2=" "><subfield code="a">Urbana, IL</subfield><subfield code="b">National Council of Teachers of English</subfield><subfield code="c">2010</subfield></datafield><datafield tag="300" ind1=" " ind2=" "><subfield code="a">XXI, 117  Seiten</subfield><subfield code="c">24 cm</subfield></datafield><datafield tag="490" ind1="0" ind2=" "><subfield code="a">Principles in practice: adolescent literacy</subfield></datafield><datafield tag="500" ind1=" " ind2=" "><subfield code="a">Includes bibliographical references (p. 109-111) and index</subfield></datafield><datafield tag="650" ind1=" " ind2="7"><subfield code="a">Jugend</subfield><subfield code="0">(DE-Frei129)00001631</subfield><subfield code="0">(DE-588)4028859-6</subfield><subfield code="2">gnd</subfield></datafield><datafield tag="650" ind1=" " ind2="7"><subfield code="a">Schreib- und Lesefähigkeit</subfield><subfield code="0">(DE-Frei129)00027157</subfield><subfield code="0">(DE-588)4481193-7</subfield><subfield code="2">gnd</subfield></datafield><datafield tag="650" ind1=" " ind2="7"><subfield code="a">Alphabetisierung</subfield><subfield code="0">(DE-Frei129)00027156</subfield><subfield code="0">(DE-588)4068576-7</subfield><subfield code="2">gnd</subfield></datafield><datafield tag="650" ind1=" " ind2="7"><subfield code="a">Leseerziehung</subfield><subfield code="0">(DE-Frei129)00062275</subfield><subfield code="0">(DE-588)4167434-0</subfield><subfield code="2">gnd</subfield></datafield><datafield tag="650" ind1=" " ind2="7"><subfield code="a">Textverstehen</subfield><subfield code="0">(DE-Frei129)00079503</subfield><subfield code="0">(DE-588)4241679-6</subfield><subfield code="2">gnd</subfield></datafield><datafield tag="650" ind1=" " ind2="7"><subfield code="a">Englischunterricht</subfield><subfield code="0">(DE-Frei129)00006965</subfield><subfield code="0">(DE-588)4014801-4</subfield><subfield code="2">gnd</subfield></datafield><datafield tag="650" ind1=" " ind2="7"><subfield code="a">Literaturunterricht</subfield><subfield code="0">(DE-Frei129)00015523</subfield><subfield code="0">(DE-588)4036032-5</subfield><subfield code="2">gnd</subfield></datafield><datafield tag="689" ind1="0" ind2="0"><subfield code="0">(DE-588)4028859-6</subfield><subfield code="D">s</subfield><subfield code="a">Jugend </subfield></datafield><datafield tag="689" ind1="0" ind2="1"><subfield code="0">(DE-588)4481193-7</subfield><subfield code="D">s</subfield><subfield code="a">Schreib- und Lesefähigkeit </subfield></datafield><datafield tag="689" ind1="0" ind2="2"><subfield code="0">(DE-588)4068576-7</subfield><subfield code="D">s</subfield><subfield code="a">Alphabetisierung </subfield></datafield><datafield tag="689" ind1="0" ind2="3"><subfield code="0">(DE-588)4167434-0</subfield><subfield code="D">s</subfield><subfield code="a">Leseerziehung </subfield></datafield><datafield tag="689" ind1="0" ind2="4"><subfield code="0">(DE-588)4241679-6</subfield><subfield code="D">s</subfield><subfield code="a">Textverstehen</subfield><subfield code="5">DE-101</subfield></datafield><datafield tag="689" ind1="1" ind2="0"><subfield code="0">(DE-588)4014801-4</subfield><subfield code="D">s</subfield><subfield code="a">Englischunterricht </subfield></datafield><datafield tag="689" ind1="1" ind2="1"><subfield code="0">(DE-588)4481193-7</subfield><subfield code="D">s</subfield><subfield code="a">Schreib- und Lesefähigkeit </subfield></datafield><datafield tag="689" ind1="1" ind2="2"><subfield code="0">(DE-588)4036032-5</subfield><subfield code="D">s</subfield><subfield code="a">Literaturunterricht </subfield></datafield><datafield tag="689" ind1="1" ind2="3"><subfield code="0">(DE-588)4167434-0</subfield><subfield code="D">s</subfield><subfield code="a">Leseerziehung</subfield><subfield code="5">DE-101</subfield></datafield><datafield tag="700" ind1="1" ind2=" "><subfield code="0">(DE-Frei129)00528547</subfield><subfield code="a">Appleman, Deborah</subfield><subfield code="4">aut</subfield></datafield><datafield tag="852" ind1=" " ind2=" "><subfield code="a">Frei 129</subfield><subfield code="b">PHFR</subfield><subfield code="c">ES 869 A648</subfield></datafield><datafield tag="980" ind1="0" ind2=" "><subfield code="a">00233924</subfield><subfield code="9">(PHFR)</subfield><subfield code="b">2.OG (35)</subfield><subfield code="c">ES 869 A648</subfield><subfield code="d">Standardleihe (01)</subfield><subfield code="e">Verfügbar (X)</subfield></datafield></record>