
<record><leader>03430nam a2200000uuc4500</leader><controlfield tag="001">26036779</controlfield><controlfield tag="003">DE-Frei129</controlfield><controlfield tag="005">20220811084017.0</controlfield><controlfield tag="007">tu</controlfield><controlfield tag="008">100810s2010    ||||||||||||||||||||ger||</controlfield><datafield tag="020" ind1=" " ind2=" "><subfield code="a">9783141007701</subfield><subfield code="9">9783141007701</subfield></datafield><datafield tag="020" ind1=" " ind2=" "><subfield code="a">9783141007725</subfield><subfield code="9">9783141007725</subfield><subfield code="c">Arbeitsheft</subfield></datafield><datafield tag="035" ind1=" " ind2=" "><subfield code="a">(DE-576)1397395311</subfield></datafield><datafield tag="041" ind1=" " ind2=" "><subfield code="a">ger</subfield></datafield><datafield tag="245" ind1="1" ind2="0"><subfield code="a">Diercke drei</subfield><subfield code="b">Universalatlas; Erdkunde, Geschichte, Sozialkunde, Religionen, Sprachen, Naturwissenschaften</subfield><subfield code="n">[Hauptbd.]</subfield><subfield code="c">[Red.: Thomas Michael ... An diesem Werk haben beratend mitgewirkt: Klaus Claaßen ...]</subfield></datafield><datafield tag="250" ind1=" " ind2=" "><subfield code="a">[Neuausg.],1. Aufl., [Dr. A3]</subfield></datafield><datafield tag="260" ind1="3" ind2=" "><subfield code="a">Braunschweig</subfield><subfield code="b">Westermann</subfield><subfield code="c">2010</subfield></datafield><datafield tag="300" ind1=" " ind2=" "><subfield code="a">243 Seiten</subfield><subfield code="b">überw. Kt.</subfield><subfield code="e">1 Beil. (Arbeitsheft)</subfield></datafield><datafield tag="650" ind1=" " ind2="7"><subfield code="a">Geografieunterricht</subfield><subfield code="0">(DE-Frei129)00009373</subfield><subfield code="0">(DE-588)4020219-7</subfield><subfield code="2">gnd</subfield></datafield><datafield tag="650" ind1=" " ind2="7"><subfield code="a">Schulatlas</subfield><subfield code="0">(DE-Frei129)00053478</subfield><subfield code="0">(DE-588)4143306-3</subfield><subfield code="2">gnd</subfield></datafield><datafield tag="689" ind1="0" ind2="0"><subfield code="0">(DE-588)4020219-7</subfield><subfield code="D">s</subfield><subfield code="a">Geografieunterricht </subfield></datafield><datafield tag="689" ind1="0" ind2="1"><subfield code="0">(DE-588)4143306-3</subfield><subfield code="D">s</subfield><subfield code="a">Schulatlas</subfield><subfield code="5">DE-101</subfield></datafield><datafield tag="773" ind1="0" ind2="8"><subfield code="w">(DE-Frei129)00243174</subfield><subfield code="q">HAUP1142010</subfield></datafield><datafield tag="852" ind1=" " ind2=" "><subfield code="a">Frei 129</subfield><subfield code="b">PHFR</subfield><subfield code="c">RB 10226 D563 M6 -1(N)</subfield></datafield><datafield tag="980" ind1="0" ind2=" "><subfield code="a">00354617</subfield><subfield code="9">(PHFR)</subfield><subfield code="b">UG (33)</subfield><subfield code="c">RB 10226 D563 M6 -1(N)</subfield><subfield code="d">Präsenzbestand II (51)</subfield><subfield code="e">Verfügbar (X)</subfield></datafield><datafield tag="980" ind1="0" ind2=" "><subfield code="a">00354618</subfield><subfield code="9">(PHFR)</subfield><subfield code="b">UG (33)</subfield><subfield code="c">RB 10226 D563 M6 -1(N)+1</subfield><subfield code="d">Standardleihe (01)</subfield><subfield code="e">Verfügbar (X)</subfield></datafield></record>