
<record><leader>03206nam a2200000uu 4500</leader><controlfield tag="001">26035668</controlfield><controlfield tag="003">DE-Frei129</controlfield><controlfield tag="005">20220811084017.0</controlfield><controlfield tag="007">tu</controlfield><controlfield tag="008">120627s2010    ||||||||||||||||||||ger||</controlfield><datafield tag="020" ind1=" " ind2=" "><subfield code="a">9783403025191</subfield><subfield code="9">978-3-403-02519-1</subfield></datafield><datafield tag="035" ind1=" " ind2=" "><subfield code="a">(DE-576)630927480</subfield></datafield><datafield tag="041" ind1=" " ind2=" "><subfield code="a">ger</subfield></datafield><datafield tag="100" ind1="1" ind2=" "><subfield code="a">Wiater, Werner</subfield><subfield code="0">(DE-Frei129)00059542</subfield><subfield code="0">(DE-588)115497420</subfield></datafield><datafield tag="245" ind1="1" ind2="4"><subfield code="a">Der Praktikumsbegleiter</subfield><subfield code="b">Intensivkurs Schulpraktikum; beobachten und analysieren, planen und versuchen, überprüfen und verbessern</subfield><subfield code="c">Werner Wiater</subfield></datafield><datafield tag="250" ind1=" " ind2=" "><subfield code="a">9. Aufl.</subfield></datafield><datafield tag="260" ind1="3" ind2=" "><subfield code="a">Donauwörth</subfield><subfield code="b">Auer</subfield><subfield code="c">2010</subfield></datafield><datafield tag="300" ind1=" " ind2=" "><subfield code="a">100  Seiten</subfield><subfield code="b">graph. Darst.</subfield></datafield><datafield tag="650" ind1=" " ind2="7"><subfield code="a">Schulpraktikum</subfield><subfield code="0">(DE-Frei129)00021649</subfield><subfield code="0">(DE-588)4053534-4</subfield><subfield code="2">gnd</subfield></datafield><datafield tag="650" ind1=" " ind2="7"><subfield code="a">Lehramtsstudent</subfield><subfield code="0">(DE-Frei129)00030257</subfield><subfield code="0">(DE-588)4074098-5</subfield><subfield code="2">gnd</subfield></datafield><datafield tag="689" ind1="0" ind2="0"><subfield code="0">(DE-588)4053534-4</subfield><subfield code="D">s</subfield><subfield code="a">Schulpraktikum</subfield><subfield code="5">DE-101</subfield></datafield><datafield tag="689" ind1="1" ind2="0"><subfield code="0">(DE-588)4074098-5</subfield><subfield code="D">s</subfield><subfield code="a">Lehramtsstudent </subfield></datafield><datafield tag="689" ind1="1" ind2="1"><subfield code="0">(DE-588)4053534-4</subfield><subfield code="D">s</subfield><subfield code="a">Schulpraktikum</subfield><subfield code="5">DE-101</subfield></datafield><datafield tag="852" ind1=" " ind2=" "><subfield code="a">Frei129</subfield><subfield code="c">Paed S 750: 30</subfield></datafield><datafield tag="856" ind1="4" ind2=" "><subfield code="8">00</subfield><subfield code="u">http://d-nb.info/1003644562/04</subfield><subfield code="y">Inhaltsverzeichnis</subfield></datafield><datafield tag="980" ind1="0" ind2=" "><subfield code="a">00331954</subfield><subfield code="9">(PHFR)</subfield><subfield code="b">Handbibliothek (50)</subfield><subfield code="c">Paed S 750: 30</subfield><subfield code="d">Handbibliothek - nie verleihbar (54)</subfield><subfield code="e">Verfügbar (X)</subfield></datafield></record>