
<record><leader>08496nam a2200000uu 4500</leader><controlfield tag="001">26033883</controlfield><controlfield tag="003">DE-Frei129</controlfield><controlfield tag="005">20220811084017.0</controlfield><controlfield tag="007">tu</controlfield><controlfield tag="008">100518s2010    ||||||||||||||||||||eng||</controlfield><datafield tag="020" ind1=" " ind2=" "><subfield code="a">3034304404</subfield><subfield code="9">3034304404</subfield><subfield code="c">alk. paper</subfield></datafield><datafield tag="020" ind1=" " ind2=" "><subfield code="a">9783034304405</subfield><subfield code="9">9783034304405</subfield><subfield code="c">: alk. paper</subfield></datafield><datafield tag="024" ind1="8" ind2=" "><subfield code="a">62632940X</subfield></datafield><datafield tag="035" ind1=" " ind2=" "><subfield code="a">(DE-576)1606725122</subfield></datafield><datafield tag="040" ind1=" " ind2=" "><subfield code="e">rda</subfield></datafield><datafield tag="041" ind1=" " ind2=" "><subfield code="a">eng</subfield></datafield><datafield tag="044" ind1=" " ind2=" "><subfield code="c">XA-CH</subfield><subfield code="c">XA-DE</subfield><subfield code="c">XA-BE</subfield></datafield><datafield tag="245" ind1="1" ind2="0"><subfield code="a">Telecollaboration 2.0</subfield><subfield code="b">language, literacies and intercultural learning in the 21st century</subfield><subfield code="c">Sarah Guth &amp; Francesca Helm (eds)</subfield></datafield><datafield tag="264" ind1=" " ind2="4"><subfield code="a">Bern ; Berlin ; Frankfurt am Main ; Wien [u.a.]</subfield><subfield code="b">Lang</subfield><subfield code="c">[2010]</subfield></datafield><datafield tag="300" ind1=" " ind2=" "><subfield code="a">475 Seiten</subfield><subfield code="b">Illustrationen, Diagramme</subfield><subfield code="c">23 cm</subfield></datafield><datafield tag="336" ind1=" " ind2=" "><subfield code="a">text</subfield><subfield code="b">txt</subfield><subfield code="2">rdacontent</subfield></datafield><datafield tag="337" ind1=" " ind2=" "><subfield code="a">unmediated</subfield><subfield code="b">n</subfield><subfield code="2">rdamedia</subfield></datafield><datafield tag="338" ind1=" " ind2=" "><subfield code="a">volume</subfield><subfield code="b">nc</subfield><subfield code="2">rdacarrier</subfield></datafield><datafield tag="490" ind1="1" ind2=" "><subfield code="a">Telecollaboration in education </subfield><subfield code="v">vol. 1</subfield></datafield><datafield tag="500" ind1=" " ind2=" "><subfield code="a">Literaturangaben</subfield></datafield><datafield tag="500" ind1=" " ind2=" "><subfield code="a">&quot;... first regional workshop of the Eurocall Special Interest Group in Computer-Mediated Communication, was hosted by the Centro Linguistico di Ateneo at the University of Padova, Italy&quot; . Seite 11</subfield></datafield><datafield tag="500" ind1=" " ind2=" "><subfield code="a">Archivierung prüfen</subfield></datafield><datafield tag="650" ind1=" " ind2="7"><subfield code="a">Educational technology</subfield><subfield code="0">(DE-Frei129)00243051</subfield><subfield code="2">local</subfield></datafield><datafield tag="650" ind1=" " ind2="7"><subfield code="a">Language and languages</subfield><subfield code="x">Study and teaching</subfield><subfield code="x">Technological innovations</subfield><subfield code="0">(DE-Frei129)01746878</subfield><subfield code="2">local</subfield></datafield><datafield tag="650" ind1=" " ind2="7"><subfield code="a">Web-based instruction</subfield><subfield code="0">(DE-Frei129)00243916</subfield><subfield code="2">local</subfield></datafield><datafield tag="650" ind1=" " ind2="7"><subfield code="a">Fremdsprachenunterricht</subfield><subfield code="0">(DE-Frei129)00008718</subfield><subfield code="0">(DE-588)4018428-6</subfield><subfield code="2">gnd</subfield></datafield><datafield tag="650" ind1=" " ind2="7"><subfield code="a">Fremdsprachenlernen</subfield><subfield code="0">(DE-Frei129)00028815</subfield><subfield code="0">(DE-588)4071461-5</subfield><subfield code="2">gnd</subfield></datafield><datafield tag="650" ind1=" " ind2="7"><subfield code="a">E-Learning</subfield><subfield code="0">(DE-Frei129)00067250</subfield><subfield code="0">(DE-588)4727098-6</subfield><subfield code="2">gnd</subfield></datafield><datafield tag="650" ind1=" " ind2="7"><subfield code="a">World Wide Web 2.0</subfield><subfield code="0">(DE-Frei129)00108815</subfield><subfield code="0">(DE-588)7548364-6</subfield><subfield code="2">gnd</subfield></datafield><datafield tag="650" ind1=" " ind2="7"><subfield code="a">Language and languages</subfield><subfield code="0">(DE-Frei129)00237272</subfield><subfield code="2">local</subfield></datafield><datafield tag="650" ind1=" " ind2="7"><subfield code="a">Computer-assisted instruction</subfield><subfield code="0">(DE-Frei129)00242054</subfield><subfield code="2">local</subfield></datafield><datafield tag="650" ind1=" " ind2="7"><subfield code="a">Internet in education</subfield><subfield code="0">(DE-Frei129)00242653</subfield><subfield code="2">local</subfield></datafield><datafield tag="689" ind1="0" ind2="0"><subfield code="A">s</subfield><subfield code="a">Educational technology</subfield><subfield code="5">DE-101</subfield></datafield><datafield tag="689" ind1="1" ind2="0"><subfield code="A">s</subfield><subfield code="a">Language and languages / Study and teaching / Technological innovations</subfield><subfield code="5">DE-101</subfield></datafield><datafield tag="689" ind1="2" ind2="0"><subfield code="A">s</subfield><subfield code="a">Web-based instruction</subfield><subfield code="5">DE-101</subfield></datafield><datafield tag="689" ind1="3" ind2="0"><subfield code="0">(DE-588)4018428-6</subfield><subfield code="D">s</subfield><subfield code="a">Fremdsprachenunterricht </subfield></datafield><datafield tag="689" ind1="3" ind2="1"><subfield code="0">(DE-588)4071461-5</subfield><subfield code="D">s</subfield><subfield code="a">Fremdsprachenlernen </subfield></datafield><datafield tag="689" ind1="3" ind2="2"><subfield code="0">(DE-588)4727098-6</subfield><subfield code="D">s</subfield><subfield code="a">E-Learning </subfield></datafield><datafield tag="689" ind1="3" ind2="3"><subfield code="0">(DE-588)7548364-6</subfield><subfield code="D">s</subfield><subfield code="a">World Wide Web 2.0</subfield><subfield code="5">DE-101</subfield></datafield><datafield tag="689" ind1="4" ind2="0"><subfield code="A">s</subfield><subfield code="a">Language and languages </subfield></datafield><datafield tag="689" ind1="4" ind2="1"><subfield code="A">s</subfield><subfield code="a">Computer-assisted instruction</subfield><subfield code="5">DE-101</subfield></datafield><datafield tag="689" ind1="5" ind2="0"><subfield code="A">s</subfield><subfield code="a">Internet in education</subfield><subfield code="5">DE-101</subfield></datafield><datafield tag="700" ind1="1" ind2=" "><subfield code="0">(DE-Frei129)26003786</subfield><subfield code="a">Guth, Sarah</subfield><subfield code="4">Hrsg.</subfield></datafield><datafield tag="700" ind1="1" ind2=" "><subfield code="0">(DE-588)1148028072</subfield><subfield code="0">(DE-Frei129)80000882</subfield><subfield code="a">Helm, Francesca</subfield><subfield code="4">Hrsg.</subfield></datafield><datafield tag="830" ind1=" " ind2="0"><subfield code="a">Telecollaboration in education</subfield><subfield code="v">vol. 1</subfield><subfield code="w">(DE-Frei129)26033884</subfield><subfield code="9">11</subfield></datafield><datafield tag="852" ind1=" " ind2=" "><subfield code="a">Frei 129</subfield><subfield code="b">PHFR</subfield><subfield code="c">ES 822 G984</subfield></datafield><datafield tag="856" ind1="4" ind2=" "><subfield code="8">00</subfield><subfield code="u">http://d-nb.info/1002361826/04</subfield><subfield code="y">Inhaltsverzeichnis</subfield></datafield><datafield tag="980" ind1="0" ind2=" "><subfield code="a">00351662</subfield><subfield code="9">(PHFR)</subfield><subfield code="b">Handbibliothek (50)</subfield><subfield code="c">Fre M 260: 74</subfield><subfield code="d">Handbibliothek - nie verleihbar (54)</subfield><subfield code="e">Verfügbar (X)</subfield></datafield><datafield tag="980" ind1="0" ind2=" "><subfield code="a">00467095</subfield><subfield code="9">(PHFR)</subfield><subfield code="b">2.OG (35)</subfield><subfield code="c">ES 822 G984</subfield><subfield code="d">Standardleihe (01)</subfield><subfield code="e">Verfügbar (X)</subfield></datafield></record>