
<record><leader>05051nam a2200000uu 4500</leader><controlfield tag="001">26033777</controlfield><controlfield tag="003">DE-Frei129</controlfield><controlfield tag="005">20220811084017.0</controlfield><controlfield tag="007">tu</controlfield><controlfield tag="008">120215s2010    ||||||||||||||||||||eng||</controlfield><datafield tag="020" ind1=" " ind2=" "><subfield code="a">9780330468053</subfield><subfield code="9">9780330468053</subfield><subfield code="c">(pbk.) £5.99</subfield></datafield><datafield tag="020" ind1=" " ind2=" "><subfield code="a">0330468057</subfield><subfield code="9">0330468057</subfield><subfield code="c">(pbk.) £5.99</subfield></datafield><datafield tag="035" ind1=" " ind2=" "><subfield code="a">(DE-576)1615374892</subfield></datafield><datafield tag="041" ind1=" " ind2=" "><subfield code="a">eng</subfield></datafield><datafield tag="245" ind1="1" ind2="4"><subfield code="a">The Santa trap</subfield><subfield code="c">Jonathan Emmett; Poly Bernatene</subfield></datafield><datafield tag="260" ind1="3" ind2=" "><subfield code="a">London</subfield><subfield code="b">Macmillan Children&apos;s</subfield><subfield code="c">2010</subfield></datafield><datafield tag="300" ind1=" " ind2=" "><subfield code="a">[15] Blatt</subfield><subfield code="b">überw. Ill.</subfield><subfield code="c">30 cm</subfield></datafield><datafield tag="500" ind1=" " ind2=" "><subfield code="a">Originally published: 2009</subfield></datafield><datafield tag="650" ind1=" " ind2="7"><subfield code="a">Boys</subfield><subfield code="0">(DE-Frei129)00243238</subfield><subfield code="2">local</subfield></datafield><datafield tag="650" ind1=" " ind2="7"><subfield code="a">Conduct of life</subfield><subfield code="0">(DE-Frei129)00239392</subfield><subfield code="2">local</subfield></datafield><datafield tag="650" ind1=" " ind2="7"><subfield code="a">Pictorial works</subfield><subfield code="0">(DE-Frei129)00237516</subfield><subfield code="2">local</subfield></datafield><datafield tag="650" ind1=" " ind2="7"><subfield code="a">Juvenile fiction</subfield><subfield code="0">(DE-Frei129)00282715</subfield><subfield code="2">local</subfield></datafield><datafield tag="650" ind1=" " ind2="7"><subfield code="a">Santa Claus</subfield><subfield code="0">(DE-Frei129)00442308</subfield><subfield code="2">local</subfield></datafield><datafield tag="650" ind1=" " ind2="7"><subfield code="a">Christmas stories</subfield><subfield code="0">(DE-Frei129)00766219</subfield><subfield code="2">local</subfield></datafield><datafield tag="650" ind1=" " ind2="7"><subfield code="a">Children&apos;s stories</subfield><subfield code="0">(DE-Frei129)00343656</subfield><subfield code="2">local</subfield></datafield><datafield tag="689" ind1="0" ind2="0"><subfield code="A">s</subfield><subfield code="a">Boys </subfield></datafield><datafield tag="689" ind1="0" ind2="1"><subfield code="A">s</subfield><subfield code="a">Conduct of life </subfield></datafield><datafield tag="689" ind1="0" ind2="2"><subfield code="A">s</subfield><subfield code="a">Pictorial works </subfield></datafield><datafield tag="689" ind1="0" ind2="3"><subfield code="A">s</subfield><subfield code="a">Juvenile fiction</subfield><subfield code="5">DE-101</subfield></datafield><datafield tag="689" ind1="1" ind2="0"><subfield code="A">s</subfield><subfield code="a">Santa Claus </subfield></datafield><datafield tag="689" ind1="1" ind2="1"><subfield code="A">s</subfield><subfield code="a">Pictorial works </subfield></datafield><datafield tag="689" ind1="1" ind2="2"><subfield code="A">s</subfield><subfield code="a">Juvenile fiction</subfield><subfield code="5">DE-101</subfield></datafield><datafield tag="689" ind1="2" ind2="0"><subfield code="A">s</subfield><subfield code="a">Christmas stories</subfield><subfield code="5">DE-101</subfield></datafield><datafield tag="689" ind1="3" ind2="0"><subfield code="A">s</subfield><subfield code="a">Children&apos;s stories </subfield></datafield><datafield tag="689" ind1="3" ind2="1"><subfield code="A">s</subfield><subfield code="a">Pictorial works</subfield><subfield code="5">DE-101</subfield></datafield><datafield tag="700" ind1="1" ind2=" "><subfield code="0">(DE-Frei129)26003773</subfield><subfield code="a">Emmett, Jonathan</subfield><subfield code="4">aut</subfield></datafield><datafield tag="700" ind1="1" ind2=" "><subfield code="0">(DE-588)1011626551</subfield><subfield code="0">(DE-Frei129)26003774</subfield><subfield code="a">Bernatene, Poly</subfield><subfield code="4">oth</subfield></datafield><datafield tag="852" ind1=" " ind2=" "><subfield code="a">Frei 129</subfield><subfield code="b">PHFR</subfield><subfield code="c">HG 831 E54</subfield></datafield><datafield tag="980" ind1="0" ind2=" "><subfield code="a">00398182</subfield><subfield code="9">(PHFR)</subfield><subfield code="b">Handbibliothek (50)</subfield><subfield code="c">Fre O 780: 405</subfield><subfield code="d">Handbibliothek - nie verleihbar (54)</subfield><subfield code="e">Verfügbar (X)</subfield></datafield></record>