
<record><leader>04586nam a2200000uu 4500</leader><controlfield tag="001">26033368</controlfield><controlfield tag="003">DE-Frei129</controlfield><controlfield tag="005">20220811084017.0</controlfield><controlfield tag="007">tu</controlfield><controlfield tag="008">120319s2010    ||||||||||||||||||||ger||</controlfield><datafield tag="020" ind1=" " ind2=" "><subfield code="a">9783403048053</subfield><subfield code="9">9783403048053</subfield></datafield><datafield tag="035" ind1=" " ind2=" "><subfield code="a">(DE-576)688823424</subfield></datafield><datafield tag="041" ind1=" " ind2=" "><subfield code="a">ger</subfield></datafield><datafield tag="044" ind1=" " ind2=" "><subfield code="c">XA-DE-BY</subfield></datafield><datafield tag="100" ind1="1" ind2=" "><subfield code="a">Gretenkord, Ilse</subfield><subfield code="0">(DE-Frei129)00770743</subfield><subfield code="0">(DE-588)130882828</subfield><subfield code="4">aut</subfield></datafield><datafield tag="245" ind1="1" ind2="4"><subfield code="a">Die Sakramente</subfield><subfield code="b">motivierende Zugänge für den Religionsunterricht ; mit Kopiervorlagen</subfield><subfield code="c">Ilse Gretenkord</subfield></datafield><datafield tag="250" ind1=" " ind2=" "><subfield code="a">2. Aufl.</subfield></datafield><datafield tag="260" ind1="3" ind2=" "><subfield code="a">Donauwörth</subfield><subfield code="b">Auer Donauwörth</subfield><subfield code="c">2010</subfield></datafield><datafield tag="300" ind1=" " ind2=" "><subfield code="a">79 Seiten</subfield><subfield code="b">Ill.</subfield><subfield code="c">297 mm x 210 mm</subfield></datafield><datafield tag="490" ind1="0" ind2=" "><subfield code="a">Auer macht Schule. Sekundarstufe I</subfield></datafield><datafield tag="500" ind1=" " ind2=" "><subfield code="a">IMD-Felder maschinell generiert (GBV)</subfield></datafield><datafield tag="650" ind1=" " ind2="7"><subfield code="a">Sakrament</subfield><subfield code="0">(DE-Frei129)00000532</subfield><subfield code="0">(DE-588)4051342-7</subfield><subfield code="2">gnd</subfield></datafield><datafield tag="650" ind1=" " ind2="7"><subfield code="a">Religionsunterricht</subfield><subfield code="0">(DE-Frei129)00013894</subfield><subfield code="0">(DE-588)4049422-6</subfield><subfield code="2">gnd</subfield></datafield><datafield tag="650" ind1=" " ind2="7"><subfield code="a">Sekundarstufe 1</subfield><subfield code="0">(DE-Frei129)00021625</subfield><subfield code="0">(DE-588)4054365-1</subfield><subfield code="2">gnd</subfield></datafield><datafield tag="651" ind1=" " ind2="7"><subfield code="a">Deutschland</subfield><subfield code="0">(DE-Frei129)00005806</subfield><subfield code="0">(DE-588)4011882-4</subfield><subfield code="2">gnd</subfield></datafield><datafield tag="689" ind1="0" ind2="0"><subfield code="0">(DE-588)4051342-7</subfield><subfield code="D">s</subfield><subfield code="a">Sakrament </subfield></datafield><datafield tag="689" ind1="0" ind2="1"><subfield code="0">(DE-588)4049422-6</subfield><subfield code="D">s</subfield><subfield code="a">Religionsunterricht </subfield></datafield><datafield tag="689" ind1="0" ind2="2"><subfield code="0">(DE-588)4054365-1</subfield><subfield code="D">s</subfield><subfield code="a">Sekundarstufe 1</subfield><subfield code="5">DE-101</subfield></datafield><datafield tag="689" ind1="1" ind2="0"><subfield code="0">(DE-588)4049422-6</subfield><subfield code="D">s</subfield><subfield code="a">Religionsunterricht </subfield></datafield><datafield tag="689" ind1="1" ind2="1"><subfield code="0">(DE-588)4054365-1</subfield><subfield code="D">s</subfield><subfield code="a">Sekundarstufe 1 </subfield></datafield><datafield tag="689" ind1="1" ind2="2"><subfield code="0">(DE-588)4011882-4</subfield><subfield code="D">g</subfield><subfield code="a">Deutschland</subfield><subfield code="5">DE-101</subfield></datafield><datafield tag="852" ind1=" " ind2=" "><subfield code="a">Frei 129</subfield><subfield code="b">PHFR</subfield><subfield code="c">BU 4600 G834 (2)</subfield></datafield><datafield tag="856" ind1="4" ind2=" "><subfield code="8">00</subfield><subfield code="u">http://www.gbv.de/dms/gei/688823424.pdf</subfield><subfield code="y">Inhaltsverzeichnis</subfield></datafield><datafield tag="980" ind1="0" ind2=" "><subfield code="a">00235360</subfield><subfield code="9">(PHFR)</subfield><subfield code="b">UG (33)</subfield><subfield code="c">BU 4600 G834 (2)</subfield><subfield code="d">Standardleihe (01)</subfield><subfield code="e">ausgeliehen (A) - Fälligkeitsdatum: 03.08.2022</subfield></datafield></record>