
<record><leader>06465nam a2200000uu 4500</leader><controlfield tag="001">23052039</controlfield><controlfield tag="003">DE-Frei129</controlfield><controlfield tag="005">20220811084017.0</controlfield><controlfield tag="007">tu</controlfield><controlfield tag="008">180621s2010    ||||||||||||||||||||ger||</controlfield><datafield tag="015" ind1=" " ind2=" "><subfield code="a">10,A46</subfield></datafield><datafield tag="016" ind1="7" ind2=" "><subfield code="a">1005906505</subfield><subfield code="2">DE-101</subfield></datafield><datafield tag="020" ind1=" " ind2=" "><subfield code="a">9783936084788</subfield><subfield code="9">9783936084788</subfield><subfield code="c">Pp. : EUR 9.90</subfield></datafield><datafield tag="024" ind1="3" ind2=" "><subfield code="a">9783936084788</subfield></datafield><datafield tag="035" ind1=" " ind2=" "><subfield code="a">(DE-576)1638729042</subfield></datafield><datafield tag="040" ind1=" " ind2=" "><subfield code="e">rda</subfield></datafield><datafield tag="041" ind1=" " ind2=" "><subfield code="a">ger</subfield></datafield><datafield tag="044" ind1=" " ind2=" "><subfield code="c">XA-DE-BY</subfield></datafield><datafield tag="100" ind1="1" ind2=" "><subfield code="a">Kohl, Sylvie</subfield><subfield code="0">(DE-Frei129)01517509</subfield><subfield code="0">(DE-588)128757515</subfield></datafield><datafield tag="245" ind1="1" ind2="0"><subfield code="a">Warum tut Papa das?</subfield><subfield code="c">Sylvie Kohl ; Illustrationen Carolin Ina Schröter</subfield></datafield><datafield tag="250" ind1=" " ind2=" "><subfield code="a">1. Auflage</subfield></datafield><datafield tag="264" ind1=" " ind2="4"><subfield code="a">Stockheim</subfield><subfield code="b">Turmhut-Verlag</subfield><subfield code="c">2010</subfield></datafield><datafield tag="300" ind1=" " ind2=" "><subfield code="a">36 Seiten</subfield><subfield code="b">Illustrationen</subfield><subfield code="c">23 cm, 228 gr.</subfield></datafield><datafield tag="336" ind1=" " ind2=" "><subfield code="a">text</subfield><subfield code="b">txt</subfield><subfield code="2">rdacontent</subfield></datafield><datafield tag="337" ind1=" " ind2=" "><subfield code="a">unmediated</subfield><subfield code="b">n</subfield><subfield code="2">rdamedia</subfield></datafield><datafield tag="338" ind1=" " ind2=" "><subfield code="a">volume</subfield><subfield code="b">nc</subfield><subfield code="2">rdacarrier</subfield></datafield><datafield tag="500" ind1=" " ind2=" "><subfield code="a">Alter: ab 9 Jahre</subfield></datafield><datafield tag="520" ind1=" " ind2=" "><subfield code="a">Sven und Lisa lieben ihren Vater von Herzen. Nur nicht, wenn er getrunken hat und gewalttätig wird. Immer wieder hoffen sie, dass er aufhört zu trinken - und immer wieder erleben sie, wie er sein Versprechen bricht. Eines Tages schlägt der Vater die Mutter krankenhausreif. Die Nachbarn rufen die Polizei, die den Vater mitnimmt. Die Kinder finden bei der Tante Aufnahme, bis die Mutter wieder aus dem Krankenhaus entlassen werden kann. Am Ende steht die Hoffnung, irgendwann wieder zusammenleben zu können, denn der Vater hat sich entschlossen, einen Entzug zu machen.- Ganz aus der Perspektive des 8-jährigen Sven geht es um das Leid der Kinder, die im Zwiespalt zwischen Liebe, Angst und Scham stehen und der Situation hilflos ausgeliefert sind. Von Umfang, Thema (ergänzt um den Gewalt-Aspekt) und Intention dem Titel &quot;Sorgen um Mama&quot; derselben Autorin (und derselben Illustratorin) sehr ähnlich. Auch hier wird mehr Wert auf Information denn auf erzählerische Qualitäten gelegt, sodass auch vorliegender Band am ehesten begleitend in der psychosozialen Arbeit mit betroffenen Kindern einsetzbar ist. Ab 9</subfield></datafield><datafield tag="650" ind1=" " ind2="7"><subfield code="a">Vater</subfield><subfield code="0">(DE-Frei129)00001068</subfield><subfield code="0">(DE-588)4062386-5</subfield><subfield code="2">gnd</subfield></datafield><datafield tag="650" ind1=" " ind2="7"><subfield code="a">Häusliche Gewalt</subfield><subfield code="0">(DE-Frei129)00111218</subfield><subfield code="0">(DE-588)4723056-3</subfield><subfield code="2">gnd</subfield></datafield><datafield tag="650" ind1=" " ind2="7"><subfield code="a">Alkoholismus</subfield><subfield code="0">(DE-Frei129)00001021</subfield><subfield code="0">(DE-588)4001220-7</subfield><subfield code="2">gnd</subfield></datafield><datafield tag="650" ind1=" " ind2="7"><subfield code="a">Sohn</subfield><subfield code="0">(DE-Frei129)00074492</subfield><subfield code="0">(DE-588)4203420-6</subfield><subfield code="2">gnd</subfield></datafield><datafield tag="650" ind1=" " ind2="7"><subfield code="a">Konfliktbewältigung</subfield><subfield code="0">(DE-Frei129)00061165</subfield><subfield code="0">(DE-588)4164954-0</subfield><subfield code="2">gnd</subfield></datafield><datafield tag="689" ind1="0" ind2="0"><subfield code="0">(DE-588)4062386-5</subfield><subfield code="D">s</subfield><subfield code="a">Vater </subfield></datafield><datafield tag="689" ind1="0" ind2="1"><subfield code="0">(DE-588)4723056-3</subfield><subfield code="D">s</subfield><subfield code="a">Häusliche Gewalt </subfield></datafield><datafield tag="689" ind1="0" ind2="2"><subfield code="0">(DE-588)4001220-7</subfield><subfield code="D">s</subfield><subfield code="a">Alkoholismus </subfield></datafield><datafield tag="689" ind1="0" ind2="3"><subfield code="0">(DE-588)4203420-6</subfield><subfield code="D">s</subfield><subfield code="a">Sohn </subfield></datafield><datafield tag="689" ind1="0" ind2="4"><subfield code="0">(DE-588)4164954-0</subfield><subfield code="D">s</subfield><subfield code="a">Konfliktbewältigung</subfield><subfield code="5">DE-101</subfield></datafield><datafield tag="700" ind1="1" ind2=" "><subfield code="0">(DE-588)128624752</subfield><subfield code="0">(DE-Frei129)01517508</subfield><subfield code="a">Schröter, Carolin Ina</subfield><subfield code="4">ill</subfield></datafield><datafield tag="852" ind1=" " ind2=" "><subfield code="a">Frei 129</subfield><subfield code="b">PHFR</subfield><subfield code="c">GE 6919 K79</subfield></datafield><datafield tag="980" ind1="0" ind2=" "><subfield code="a">00467563</subfield><subfield code="9">(PHFR)</subfield><subfield code="b">2.OG (35)</subfield><subfield code="c">GE 6919 K79</subfield><subfield code="d">Standardleihe (01)</subfield><subfield code="e">Verfügbar (X)</subfield></datafield></record>