
<record><leader>02179nam a2200000uuc4500</leader><controlfield tag="001">23033934</controlfield><controlfield tag="003">DE-Frei129</controlfield><controlfield tag="005">20220811084017.0</controlfield><controlfield tag="007">tu</controlfield><controlfield tag="008">100719s2010    ||||||||||||||||||||ger||</controlfield><datafield tag="020" ind1=" " ind2=" "><subfield code="a">9783120065494</subfield><subfield code="9">9783120065494</subfield></datafield><datafield tag="024" ind1="3" ind2=" "><subfield code="a">9783120065494</subfield></datafield><datafield tag="035" ind1=" " ind2=" "><subfield code="a">(DE-576)1396355936</subfield></datafield><datafield tag="041" ind1=" " ind2=" "><subfield code="a">ger</subfield></datafield><datafield tag="245" ind1="1" ind2="0"><subfield code="a">Die Auer-Fibel</subfield><subfield code="n">Arbeitsh.</subfield><subfield code="p">Arbeitsheft : Übungen zum Leselehrgang</subfield><subfield code="c">erarb. von Kerstin Berktold ...</subfield></datafield><datafield tag="250" ind1=" " ind2=" "><subfield code="a">Baden-Württemberg, 1. Aufl.</subfield></datafield><datafield tag="260" ind1="3" ind2=" "><subfield code="a">Stuttgart ; Leipzig</subfield><subfield code="b">Klett</subfield><subfield code="c">2010</subfield></datafield><datafield tag="300" ind1=" " ind2=" "><subfield code="a">80 Seiten</subfield><subfield code="e">4 Beil.</subfield></datafield><datafield tag="500" ind1=" " ind2=" "><subfield code="a">Archivierung/Langzeitarchivierung gewährleistet</subfield></datafield><datafield tag="773" ind1="0" ind2="8"><subfield code="w">(DE-Frei129)01400769</subfield><subfield code="q">ARB42010</subfield></datafield><datafield tag="852" ind1=" " ind2=" "><subfield code="a">Frei 129</subfield><subfield code="b">PHFR</subfield><subfield code="c">GB 3000 I A257 A</subfield></datafield><datafield tag="980" ind1="0" ind2=" "><subfield code="a">00427005</subfield><subfield code="9">(PHFR)</subfield><subfield code="b">Handbibliothek (50)</subfield><subfield code="c">Deu O 100: 201 A</subfield><subfield code="d">Handbibliothek - nie verleihbar (54)</subfield><subfield code="e">Verfügbar (X)</subfield></datafield></record>