
<record><leader>02231nam a2200000uuc4500</leader><controlfield tag="001">23033501</controlfield><controlfield tag="003">DE-Frei129</controlfield><controlfield tag="005">20220811084017.0</controlfield><controlfield tag="007">tu</controlfield><controlfield tag="008">130122s2010    ||||||||||||||||||||ger||</controlfield><datafield tag="020" ind1=" " ind2=" "><subfield code="a">9783507752849</subfield><subfield code="9">9783507752849</subfield></datafield><datafield tag="035" ind1=" " ind2=" "><subfield code="a">(DE-576)1447811240</subfield></datafield><datafield tag="041" ind1=" " ind2=" "><subfield code="a">ger</subfield></datafield><datafield tag="245" ind1="1" ind2="0"><subfield code="a">Primo Mathematik</subfield><subfield code="b">[mathematisches Unterrichtswerk für die Grundschule]</subfield><subfield code="n">4, [Hauptbd.]</subfield><subfield code="p">4. Schuljahr</subfield><subfield code="c">hrsg. von Marianne Grassmann</subfield></datafield><datafield tag="260" ind1="3" ind2=" "><subfield code="a">Braunschweig</subfield><subfield code="b">Schroedel</subfield><subfield code="c">2010</subfield></datafield><datafield tag="300" ind1=" " ind2=" "><subfield code="a">121 Seiten</subfield><subfield code="b">Ill., graph. Darst.</subfield></datafield><datafield tag="773" ind1="0" ind2="8"><subfield code="w">(DE-Frei129)01398885</subfield><subfield code="q">14HAUP42010</subfield></datafield><datafield tag="852" ind1=" " ind2=" "><subfield code="a">Frei 129</subfield><subfield code="b">PHFR</subfield><subfield code="c">Math O 200: 72,4</subfield></datafield><datafield tag="980" ind1="0" ind2=" "><subfield code="a">00349721</subfield><subfield code="9">(PHFR)</subfield><subfield code="b">UG (33)</subfield><subfield code="c">Math O 200: 72,4 c</subfield><subfield code="d">Präsenzbestand II (51)</subfield><subfield code="e">Verfügbar (X)</subfield></datafield><datafield tag="980" ind1="0" ind2=" "><subfield code="a">00349809</subfield><subfield code="9">(PHFR)</subfield><subfield code="b">UG (33)</subfield><subfield code="c">Math O 200: 72,4 d</subfield><subfield code="d">Standardleihe (01)</subfield><subfield code="e">ausgeliehen (A) - Fälligkeitsdatum: 25.07.2022</subfield></datafield></record>