
<record><leader>04153nam a2200000uu 4500</leader><controlfield tag="001">23026917</controlfield><controlfield tag="003">DE-Frei129</controlfield><controlfield tag="005">20220811084017.0</controlfield><controlfield tag="007">tu</controlfield><controlfield tag="008">130214s2010    ||||||||||||||||||||ger||</controlfield><datafield tag="020" ind1=" " ind2=" "><subfield code="a">9783827416971</subfield><subfield code="9">9783827416971</subfield></datafield><datafield tag="020" ind1=" " ind2=" "><subfield code="a">3827416973</subfield><subfield code="9">3827416973</subfield></datafield><datafield tag="035" ind1=" " ind2=" "><subfield code="a">(DE-576)1601700113</subfield></datafield><datafield tag="041" ind1=" " ind2=" "><subfield code="a">ger</subfield></datafield><datafield tag="044" ind1=" " ind2=" "><subfield code="c">XA-DE-BW</subfield></datafield><datafield tag="100" ind1="1" ind2=" "><subfield code="a">Scheid, Harald</subfield><subfield code="0">(DE-Frei129)00048042</subfield><subfield code="0">(DE-588)122188969</subfield></datafield><datafield tag="245" ind1="1" ind2="0"><subfield code="a">Elemente der Geometrie</subfield><subfield code="c">Harald Scheid; Wolfgang Schwarz</subfield></datafield><datafield tag="250" ind1=" " ind2=" "><subfield code="a">4. Aufl., [Nachdr.]</subfield></datafield><datafield tag="260" ind1="3" ind2=" "><subfield code="a">Heidelberg</subfield><subfield code="b">Spektrum Akademischer Verl.</subfield><subfield code="c">20[10]</subfield></datafield><datafield tag="300" ind1=" " ind2=" "><subfield code="a">VIII, 290 Seiten</subfield><subfield code="b">graph. Darst.</subfield><subfield code="c">24 cm</subfield></datafield><datafield tag="500" ind1=" " ind2=" "><subfield code="a">Archivierung/Langzeitarchivierung gewährleistet</subfield></datafield><datafield tag="650" ind1=" " ind2="7"><subfield code="a">Geometrie</subfield><subfield code="0">(DE-Frei129)00000984</subfield><subfield code="0">(DE-588)4020236-7</subfield><subfield code="2">gnd</subfield></datafield><datafield tag="689" ind1="0" ind2="0"><subfield code="0">(DE-588)4020236-7</subfield><subfield code="D">s</subfield><subfield code="a">Geometrie</subfield><subfield code="5">DE-101</subfield></datafield><datafield tag="700" ind1="1" ind2=" "><subfield code="0">(DE-588)1037207319</subfield><subfield code="0">(DE-Frei129)01174894</subfield><subfield code="a">Schwarz, Wolfgang</subfield><subfield code="4">aut</subfield></datafield><datafield tag="852" ind1=" " ind2=" "><subfield code="a">Frei129</subfield><subfield code="c">Math E 10: 35 d</subfield></datafield><datafield tag="980" ind1="0" ind2=" "><subfield code="a">00231530</subfield><subfield code="9">(PHFR)</subfield><subfield code="b">UG (33)</subfield><subfield code="c">Math E 10: 35 e</subfield><subfield code="d">Präsenzbestand II (51)</subfield><subfield code="e">Verfügbar (X)</subfield></datafield><datafield tag="980" ind1="0" ind2=" "><subfield code="a">00231531</subfield><subfield code="9">(PHFR)</subfield><subfield code="b">UG (33)</subfield><subfield code="c">Math E 10: 35 d</subfield><subfield code="d">Standardleihe (01)</subfield><subfield code="e">Verfügbar (X)</subfield></datafield><datafield tag="980" ind1="0" ind2=" "><subfield code="a">00231591</subfield><subfield code="9">(PHFR)</subfield><subfield code="b">UG (33)</subfield><subfield code="c">Math E 10: 35 h</subfield><subfield code="d">Standardleihe (01)</subfield><subfield code="e">Verfügbar (X)</subfield></datafield><datafield tag="980" ind1="0" ind2=" "><subfield code="a">00231592</subfield><subfield code="9">(PHFR)</subfield><subfield code="b">UG (33)</subfield><subfield code="c">Math E 10: 35 g</subfield><subfield code="d">Standardleihe (01)</subfield><subfield code="e">Verfügbar (X)</subfield></datafield><datafield tag="980" ind1="0" ind2=" "><subfield code="a">00231700</subfield><subfield code="9">(PHFR)</subfield><subfield code="b">UG (33)</subfield><subfield code="c">Math E 10: 35 f</subfield><subfield code="d">Standardleihe (01)</subfield><subfield code="e">Verfügbar (X)</subfield><subfield code="x">Ex. e = Präsenzbestand</subfield></datafield></record>