
<record><leader>06621nam a2200000uu 4500</leader><controlfield tag="001">23022836</controlfield><controlfield tag="003">DE-Frei129</controlfield><controlfield tag="005">20220811084017.0</controlfield><controlfield tag="007">tu</controlfield><controlfield tag="008">091216s2010    ||||||||||||||||||||ger||</controlfield><datafield tag="015" ind1=" " ind2=" "><subfield code="a">09,N52,0700</subfield></datafield><datafield tag="016" ind1="7" ind2=" "><subfield code="a">998768677</subfield><subfield code="2">DE-101</subfield></datafield><datafield tag="020" ind1=" " ind2=" "><subfield code="a">9783643501219</subfield><subfield code="9">9783643501219</subfield><subfield code="c">PB. : EUR 24.90, sfr 39.90 (freier Pr.)</subfield></datafield><datafield tag="024" ind1="3" ind2=" "><subfield code="a">9783643501219</subfield></datafield><datafield tag="035" ind1=" " ind2=" "><subfield code="a">(DE-576)615161170</subfield></datafield><datafield tag="041" ind1=" " ind2=" "><subfield code="a">ger</subfield></datafield><datafield tag="044" ind1=" " ind2=" "><subfield code="c">XA-DE-BE</subfield></datafield><datafield tag="245" ind1="1" ind2="0"><subfield code="a">Soziale Qualität von Nachmittagsbetreuungen und Horten</subfield><subfield code="c">Waltraud Gspurning; Arno Heimgartner; Sylvia Leitner; Stephan Sting</subfield></datafield><datafield tag="250" ind1=" " ind2=" "><subfield code="a">1. Aufl.</subfield></datafield><datafield tag="260" ind1="3" ind2=" "><subfield code="a">Berlin ; Wien</subfield><subfield code="b">LIT</subfield><subfield code="c">2010</subfield></datafield><datafield tag="300" ind1=" " ind2=" "><subfield code="a">IX, 205 Seiten</subfield><subfield code="b">graph. Darst.</subfield><subfield code="c">235 mm x 162 mm</subfield></datafield><datafield tag="490" ind1="1" ind2=" "><subfield code="a">Soziale Arbeit - Social Issues </subfield><subfield code="v">7</subfield></datafield><datafield tag="500" ind1=" " ind2=" "><subfield code="a">IMD-Felder maschinell generiert (GBV)</subfield></datafield><datafield tag="520" ind1=" " ind2=" "><subfield code="a">Kinder verbringen zunehmend Zeit in Nachmittagsbetreuungen und Horten. Qualitätsinteressen sind deshalb nicht auf Fragen der schulbezogenen Lernkultur zu reduzieren. Soziale Themen wie Partizipationsmöglichkeiten, Förderung soziokultureller Aktivitäten, Genderperspektiven, Umgang mit kulturellen Differenzen, sozioökonomischen Benachteiligungen oder besonderen Belastungen sind zu diskutieren. Das Fundament bilden Strukturen des Personals, des Raumes und der Zeit. Mit einer ethnografisch orientierten Studie in 28 Einrichtungen werden insgesamt 12 Qualitätsdimensionen ausführlich und vergleichend analysiert.</subfield></datafield><datafield tag="650" ind1=" " ind2="7"><subfield code="a">Erziehungsauftrag</subfield><subfield code="0">(DE-Frei129)00054427</subfield><subfield code="0">(DE-588)4152988-1</subfield><subfield code="2">gnd</subfield></datafield><datafield tag="650" ind1=" " ind2="7"><subfield code="a">Hort</subfield><subfield code="0">(DE-Frei129)00011423</subfield><subfield code="0">(DE-588)4025901-8</subfield><subfield code="2">gnd</subfield></datafield><datafield tag="650" ind1=" " ind2="7"><subfield code="a">Qualität</subfield><subfield code="0">(DE-Frei129)00019907</subfield><subfield code="0">(DE-588)4047966-3</subfield><subfield code="2">gnd</subfield></datafield><datafield tag="651" ind1=" " ind2="7"><subfield code="a">Österreich</subfield><subfield code="0">(DE-Frei129)00018061</subfield><subfield code="0">(DE-588)4043271-3</subfield><subfield code="2">gnd</subfield></datafield><datafield tag="689" ind1="0" ind2="0"><subfield code="0">(DE-588)4043271-3</subfield><subfield code="D">g</subfield><subfield code="a">Österreich </subfield></datafield><datafield tag="689" ind1="0" ind2="1"><subfield code="0">(DE-588)4152988-1</subfield><subfield code="D">s</subfield><subfield code="a">Erziehungsauftrag </subfield></datafield><datafield tag="689" ind1="0" ind2="2"><subfield code="0">(DE-588)4025901-8</subfield><subfield code="D">s</subfield><subfield code="a">Hort </subfield></datafield><datafield tag="689" ind1="0" ind2="3"><subfield code="0">(DE-588)4047966-3</subfield><subfield code="D">s</subfield><subfield code="a">Qualität</subfield><subfield code="5">DE-101</subfield></datafield><datafield tag="700" ind1="1" ind2=" "><subfield code="0">(DE-588)141096012</subfield><subfield code="0">(DE-Frei129)58130903</subfield><subfield code="a">Gspurning, Waltraud</subfield><subfield code="4">oth</subfield></datafield><datafield tag="700" ind1="1" ind2=" "><subfield code="0">(DE-Frei129)00419666</subfield><subfield code="a">Heimgartner, Arno</subfield><subfield code="4">oth</subfield></datafield><datafield tag="700" ind1="1" ind2=" "><subfield code="0">(DE-Frei129)00894225</subfield><subfield code="a">Leitner, Sylvia</subfield><subfield code="4">oth</subfield></datafield><datafield tag="700" ind1="1" ind2=" "><subfield code="0">(DE-588)120132494</subfield><subfield code="0">(DE-Frei129)00511743</subfield><subfield code="a">Sting, Stephan</subfield><subfield code="4">oth</subfield></datafield><datafield tag="830" ind1=" " ind2="0"><subfield code="a">Soziale Arbeit</subfield><subfield code="v">7</subfield><subfield code="w">(DE-Frei129)00284471</subfield><subfield code="9">17</subfield></datafield><datafield tag="852" ind1=" " ind2=" "><subfield code="a">Frei129</subfield><subfield code="c">Paed G 860: 216</subfield></datafield><datafield tag="856" ind1="4" ind2=" "><subfield code="8">00</subfield><subfield code="u">http://www.socialnet.de/rezensionen/isbn.php?isbn=978-3-643-50121-9</subfield><subfield code="y">Rezension</subfield></datafield><datafield tag="856" ind1="4" ind2=" "><subfield code="8">01</subfield><subfield code="u">http://d-nb.info/998768677/04</subfield><subfield code="y">Verlagsinformation</subfield></datafield><datafield tag="856" ind1="4" ind2=" "><subfield code="8">02</subfield><subfield code="u">http://ecx.images-amazon.com/images/I/21F6RpWNE3L._SL500_AA300_.jpg</subfield><subfield code="y">Cover</subfield></datafield><datafield tag="856" ind1="4" ind2=" "><subfield code="8">03</subfield><subfield code="u">http://d-nb.info/998768677/04</subfield><subfield code="y">Verlagsinformation</subfield></datafield><datafield tag="980" ind1="0" ind2=" "><subfield code="a">00210740</subfield><subfield code="9">(PHFR)</subfield><subfield code="b">EG-Anbau (32)</subfield><subfield code="c">Paed G 860: 216</subfield><subfield code="d">Standardleihe (01)</subfield><subfield code="e">Verfügbar (X)</subfield></datafield></record>