
<record><leader>03285nam a2200000uu 4500</leader><controlfield tag="001">23022474</controlfield><controlfield tag="003">DE-Frei129</controlfield><controlfield tag="005">20220811084018.0</controlfield><controlfield tag="007">tu</controlfield><controlfield tag="008">120827s2010    ||||||||||||||||||||ger||</controlfield><datafield tag="020" ind1=" " ind2=" "><subfield code="a">9783141610925</subfield><subfield code="9">9783141610925</subfield></datafield><datafield tag="020" ind1=" " ind2=" "><subfield code="a">9783141610932</subfield><subfield code="9">9783141610932</subfield></datafield><datafield tag="035" ind1=" " ind2=" "><subfield code="a">(DE-576)1440341966</subfield></datafield><datafield tag="041" ind1=" " ind2=" "><subfield code="a">ger</subfield></datafield><datafield tag="245" ind1="1" ind2="0"><subfield code="a">Filme im Unterricht</subfield></datafield><datafield tag="260" ind1="3" ind2=" "><subfield code="a">Braunschweig</subfield><subfield code="b">Westermann Schroedel Diesterweg Schöningh Winklers</subfield><subfield code="c">2010</subfield></datafield><datafield tag="300" ind1=" " ind2=" "><subfield code="a">66  Seiten</subfield><subfield code="b">Ill., graph. Darst.</subfield></datafield><datafield tag="490" ind1="1" ind2=" "><subfield code="a">Deutschunterricht extra</subfield><subfield code="v">6</subfield></datafield><datafield tag="650" ind1=" " ind2="7"><subfield code="a">Deutschunterricht</subfield><subfield code="0">(DE-Frei129)00005880</subfield><subfield code="0">(DE-588)4011975-0</subfield><subfield code="2">gnd</subfield></datafield><datafield tag="650" ind1=" " ind2="7"><subfield code="a">Film</subfield><subfield code="0">(DE-Frei129)00006151</subfield><subfield code="0">(DE-588)4017102-4</subfield><subfield code="2">gnd</subfield></datafield><datafield tag="650" ind1=" " ind2="7"><subfield code="a">Unterrichtsvorbereitung</subfield><subfield code="0">(DE-Frei129)00024850</subfield><subfield code="0">(DE-588)4062018-9</subfield><subfield code="2">gnd</subfield></datafield><datafield tag="689" ind1="0" ind2="0"><subfield code="0">(DE-588)4011975-0</subfield><subfield code="D">s</subfield><subfield code="a">Deutschunterricht </subfield></datafield><datafield tag="689" ind1="0" ind2="1"><subfield code="0">(DE-588)4017102-4</subfield><subfield code="D">s</subfield><subfield code="a">Film </subfield></datafield><datafield tag="689" ind1="0" ind2="2"><subfield code="0">(DE-588)4062018-9</subfield><subfield code="D">s</subfield><subfield code="a">Unterrichtsvorbereitung</subfield><subfield code="5">DE-101</subfield></datafield><datafield tag="830" ind1=" " ind2="0"><subfield code="a">Deutschunterricht extra</subfield><subfield code="v">6</subfield><subfield code="w">(DE-Frei129)00317538</subfield><subfield code="9">16</subfield></datafield><datafield tag="852" ind1=" " ind2=" "><subfield code="a">Frei 129</subfield><subfield code="b">PHFR</subfield><subfield code="c">GB 2938 F487</subfield></datafield><datafield tag="980" ind1="0" ind2=" "><subfield code="a">00349016</subfield><subfield code="9">(PHFR)</subfield><subfield code="b">2.OG (35)</subfield><subfield code="c">GB 2938 F487</subfield><subfield code="d">Standardleihe (01)</subfield><subfield code="e">Verfügbar (X)</subfield></datafield></record>