
<record><leader>03216nam a2200000uu 4500</leader><controlfield tag="001">23020488</controlfield><controlfield tag="003">DE-Frei129</controlfield><controlfield tag="005">20220811084018.0</controlfield><controlfield tag="007">tu</controlfield><controlfield tag="008">100824s2010    ||||||||||||||||||||ger||</controlfield><datafield tag="020" ind1=" " ind2=" "><subfield code="a">9783589223206</subfield><subfield code="9">9783589223206</subfield></datafield><datafield tag="035" ind1=" " ind2=" "><subfield code="a">(DE-576)633728888</subfield></datafield><datafield tag="041" ind1=" " ind2=" "><subfield code="a">ger</subfield></datafield><datafield tag="044" ind1=" " ind2=" "><subfield code="c">XA-DE</subfield></datafield><datafield tag="245" ind1="1" ind2="0"><subfield code="a">Schulpraktikum</subfield><subfield code="b">eine Orientierungshilfe zum Lernen und Lehren</subfield><subfield code="c">Horst Kretschmer; Joachim Stary</subfield></datafield><datafield tag="250" ind1=" " ind2=" "><subfield code="a">Erw. und akt. Aufl., 9. Aufl., [neue Ausg.]</subfield></datafield><datafield tag="260" ind1="3" ind2=" "><subfield code="a">Berlin</subfield><subfield code="b">Cornelsen-Scriptor</subfield><subfield code="c">2010</subfield></datafield><datafield tag="300" ind1=" " ind2=" "><subfield code="a">128  Seiten</subfield><subfield code="b">Ill., graph. Darst.</subfield><subfield code="c">21 cm</subfield></datafield><datafield tag="490" ind1="0" ind2=" "><subfield code="a">Studium kompakt : Lehren lernen</subfield></datafield><datafield tag="490" ind1="0" ind2=" "><subfield code="a">Studium kompakt</subfield></datafield><datafield tag="500" ind1=" " ind2=" "><subfield code="a">Literaturverz. S. 123 - 126</subfield></datafield><datafield tag="500" ind1=" " ind2=" "><subfield code="a">IMD-Felder maschinell generiert (GBV)</subfield></datafield><datafield tag="650" ind1=" " ind2="7"><subfield code="a">Schulpraktikum</subfield><subfield code="0">(DE-Frei129)00021649</subfield><subfield code="0">(DE-588)4053534-4</subfield><subfield code="2">gnd</subfield></datafield><datafield tag="689" ind1="0" ind2="0"><subfield code="0">(DE-588)4053534-4</subfield><subfield code="D">s</subfield><subfield code="a">Schulpraktikum</subfield><subfield code="5">DE-101</subfield></datafield><datafield tag="700" ind1="1" ind2=" "><subfield code="0">(DE-588)13185271X</subfield><subfield code="0">(DE-Frei129)01544623</subfield><subfield code="a">Kretschmer, Horst</subfield><subfield code="4">aut</subfield></datafield><datafield tag="700" ind1="1" ind2=" "><subfield code="0">(DE-588)1124480404</subfield><subfield code="0">(DE-Frei129)00053316</subfield><subfield code="a">Stary, Joachim</subfield><subfield code="4">aut</subfield></datafield><datafield tag="852" ind1=" " ind2=" "><subfield code="a">Frei129</subfield><subfield code="c">Paed S 750: 39</subfield></datafield><datafield tag="980" ind1="0" ind2=" "><subfield code="a">00278969</subfield><subfield code="9">(PHFR)</subfield><subfield code="b">Handbibliothek (50)</subfield><subfield code="c">Paed S 750: 39</subfield><subfield code="d">Handbibliothek - nie verleihbar (54)</subfield><subfield code="e">Verfügbar (X)</subfield></datafield></record>