
<record><leader>06094nam a2200000uu 4500</leader><controlfield tag="001">23019329</controlfield><controlfield tag="003">DE-Frei129</controlfield><controlfield tag="005">20220811084018.0</controlfield><controlfield tag="007">tu</controlfield><controlfield tag="008">100318s2010    ||||||||||||||||||||ger||</controlfield><datafield tag="015" ind1=" " ind2=" "><subfield code="a">10,A50</subfield></datafield><datafield tag="016" ind1="7" ind2=" "><subfield code="a">1000779955</subfield><subfield code="2">DE-101</subfield></datafield><datafield tag="020" ind1=" " ind2=" "><subfield code="a">9783930007240</subfield><subfield code="9">9783930007240</subfield><subfield code="c">Pp. : ca. EUR 24.80</subfield></datafield><datafield tag="024" ind1="3" ind2=" "><subfield code="a">9783930007240</subfield></datafield><datafield tag="035" ind1=" " ind2=" "><subfield code="a">(DE-576)621494879</subfield></datafield><datafield tag="041" ind1=" " ind2=" "><subfield code="a">ger</subfield></datafield><datafield tag="044" ind1=" " ind2=" "><subfield code="c">XA-DE-HE</subfield></datafield><datafield tag="100" ind1="1" ind2=" "><subfield code="a">Rabast, Udo</subfield><subfield code="0">(DE-Frei129)58016230</subfield><subfield code="0">(DE-588)106790315</subfield></datafield><datafield tag="245" ind1="1" ind2="0"><subfield code="a">Gesundheit, langes Leben und Ernährung</subfield><subfield code="c">Udo Rabast</subfield></datafield><datafield tag="250" ind1=" " ind2=" "><subfield code="a">1. Aufl.</subfield></datafield><datafield tag="260" ind1="3" ind2=" "><subfield code="a">Sulzbach im Taunus</subfield><subfield code="b">Umschau-Zeitschr.-Verl. Breidenstein</subfield><subfield code="c">2010</subfield></datafield><datafield tag="300" ind1=" " ind2=" "><subfield code="a">296 Seiten</subfield><subfield code="b">Ill., graph. Darst., Kt.</subfield><subfield code="c">25 cm</subfield></datafield><datafield tag="490" ind1="0" ind2=" "><subfield code="a">UZV-Sachbuch</subfield></datafield><datafield tag="500" ind1=" " ind2=" "><subfield code="a">Literaturangaben</subfield></datafield><datafield tag="500" ind1=" " ind2=" "><subfield code="a">IMD-Felder maschinell generiert (GBV)</subfield></datafield><datafield tag="520" ind1=" " ind2=" "><subfield code="a">Ein Internist/Gastroenterologe stellt die Erkenntnisse zum Zusammenhang von Ernährung und Langlebigkeit zusammen und entwickelt entlang der Ernährungsempfehlungen von Fachgesellschaften eine Leitlinie für &quot;gesunde&quot; und &quot;ungesunde&quot; Lebensmittel. (Uwe-Friedrich Obsen)</subfield></datafield><datafield tag="520" ind1=" " ind2=" "><subfield code="a">Der Internist/Gastroenterologe stellt überblicksartig die Erkenntnisse zum Zusammenhang von Ernährung und Langlebigkeit zusammen. Dies in kompakter, seriöser, weil immer belegter und mit erläuternden Illustrationen, Tabellen, Literaturnachweisen versehener Manier. Nach Basis-Informationen zum Thema Anti-Aging, zur Schadstoffproblematik in Lebensmitteln und ihrem richtigen Umgang sowie Bedeutung, Vorkommen und Zuführempfehlungen der wichtigen Nährstoffklassen entwickelt der Autor entlang den Ernährungsempfehlungen der einschlägigen Fachgesellschaften (DGE, American Heart Association) eine Leitlinie für &quot;gesunde&quot; und &quot;ungesunde&quot; Lebensmittel. Des weiteren stellt Rabast die oft vollmundigen Verheißungen zur Langlebigkeit via Ernährung auf den Prüfstand: Medikamente (&quot;Food Design&quot;, Nutrigenomik); energetisch knappe Ernährung; Rohkost, Vegetariertum; &quot;5-am-Tag&quot;-Kampagne; Vollwertkost; fettarme Ernährung; &quot;Dinner cancelling&quot;; mediterrane Kost u.a. Der Band zeichnet sich durch erfrischende Pragmatik und gesunde Skepsis Medien-Hypes gegenüber aus und sei breit empfohlen. (2) (Uwe-Friedrich Obsen)</subfield></datafield><datafield tag="650" ind1=" " ind2="7"><subfield code="a">Gesunde Lebensführung</subfield><subfield code="0">(DE-Frei129)00083930</subfield><subfield code="0">(DE-588)4286300-4</subfield><subfield code="2">gnd</subfield></datafield><datafield tag="650" ind1=" " ind2="7"><subfield code="a">Nutrition</subfield><subfield code="0">(DE-Frei129)00241277</subfield><subfield code="2">local</subfield></datafield><datafield tag="650" ind1=" " ind2="7"><subfield code="a">Diet</subfield><subfield code="0">(DE-Frei129)00250868</subfield><subfield code="2">local</subfield></datafield><datafield tag="689" ind1="0" ind2="0"><subfield code="0">(DE-588)4286300-4</subfield><subfield code="D">s</subfield><subfield code="a">Gesunde Lebensführung</subfield><subfield code="5">DE-101</subfield></datafield><datafield tag="689" ind1="1" ind2="0"><subfield code="A">s</subfield><subfield code="a">Nutrition</subfield><subfield code="5">DE-101</subfield></datafield><datafield tag="689" ind1="2" ind2="0"><subfield code="A">s</subfield><subfield code="a">Diet</subfield><subfield code="5">DE-101</subfield></datafield><datafield tag="852" ind1=" " ind2=" "><subfield code="a">Frei129</subfield><subfield code="c">Bio E 630: 254</subfield></datafield><datafield tag="856" ind1="4" ind2=" "><subfield code="8">00</subfield><subfield code="u">http://d-nb.info/1000779955/04</subfield><subfield code="y">Kurzbeschreibung des Verlags</subfield></datafield><datafield tag="856" ind1="4" ind2=" "><subfield code="8">01</subfield><subfield code="u">http://d-nb.info/1000779955/04</subfield><subfield code="y">Verlagsinformation</subfield></datafield><datafield tag="980" ind1="0" ind2=" "><subfield code="a">00214861</subfield><subfield code="9">(PHFR)</subfield><subfield code="b">UG (33)</subfield><subfield code="c">Bio E 630: 254</subfield><subfield code="d">Standardleihe (01)</subfield><subfield code="e">Verfügbar (X)</subfield></datafield><datafield tag="980" ind1="0" ind2=" "><subfield code="a">00278989</subfield><subfield code="9">(PHFR)</subfield><subfield code="b">Handbibliothek (50)</subfield><subfield code="c">Bio E 630: 254</subfield><subfield code="d">Handbibliothek - nie verleihbar (54)</subfield><subfield code="e">Verfügbar (X)</subfield></datafield></record>