
<record><leader>04861nam a2200000uuc4500</leader><controlfield tag="001">23018707</controlfield><controlfield tag="003">DE-Frei129</controlfield><controlfield tag="005">20220811084018.0</controlfield><controlfield tag="007">tu</controlfield><controlfield tag="008">110907s2010    ||||||||||||||||||||ger||</controlfield><datafield tag="020" ind1=" " ind2=" "><subfield code="a">9783141006858</subfield><subfield code="9">978-3-14-100685-8</subfield></datafield><datafield tag="035" ind1=" " ind2=" "><subfield code="a">(DE-576)1419970372</subfield></datafield><datafield tag="041" ind1=" " ind2=" "><subfield code="a">ger</subfield></datafield><datafield tag="245" ind1="1" ind2="0"><subfield code="a">Diercke Regionalatlas</subfield><subfield code="n">Europa</subfield><subfield code="p">Diercke-Regionalatlas Europa</subfield><subfield code="c">[Leitung.: Thomas Michael, Redaktion: Reinhold Schlimm, Irene Munt, Thomas Michael ...]</subfield></datafield><datafield tag="246" ind1="1" ind2="3"><subfield code="a">Diercke Regionalatlas Europa</subfield></datafield><datafield tag="246" ind1="1" ind2="3"><subfield code="a">Regionalatlas Europa</subfield></datafield><datafield tag="250" ind1=" " ind2=" "><subfield code="a">1. Aufl., Dr. A</subfield></datafield><datafield tag="260" ind1="3" ind2=" "><subfield code="a">Braunschweig</subfield><subfield code="b">Westermann</subfield><subfield code="c">2010</subfield></datafield><datafield tag="300" ind1=" " ind2=" "><subfield code="a">24  Seiten</subfield><subfield code="b">Ill., graph. Darst., überw. Kt.</subfield></datafield><datafield tag="500" ind1=" " ind2=" "><subfield code="a">Bildet Erg. zu: Diercke-Weltatlas</subfield></datafield><datafield tag="500" ind1=" " ind2=" "><subfield code="a">5090: knweph14 ; 5550: knweph,s14</subfield></datafield><datafield tag="650" ind1=" " ind2="7"><subfield code="a">Geografieunterricht</subfield><subfield code="0">(DE-Frei129)00009373</subfield><subfield code="0">(DE-588)4020219-7</subfield><subfield code="2">gnd</subfield></datafield><datafield tag="650" ind1=" " ind2="7"><subfield code="a">Sekundarstufe</subfield><subfield code="0">(DE-Frei129)00011250</subfield><subfield code="0">(DE-588)4077347-4</subfield><subfield code="2">gnd</subfield></datafield><datafield tag="651" ind1=" " ind2="7"><subfield code="a">Deutschland</subfield><subfield code="0">(DE-Frei129)00005806</subfield><subfield code="0">(DE-588)4011882-4</subfield><subfield code="2">gnd</subfield></datafield><datafield tag="651" ind1=" " ind2="7"><subfield code="a">Europa</subfield><subfield code="0">(DE-Frei129)00007416</subfield><subfield code="0">(DE-588)4015701-5</subfield><subfield code="2">gnd</subfield></datafield><datafield tag="655" ind1=" " ind2="7"><subfield code="a">Atlas</subfield><subfield code="0">(DE-Frei129)00000028</subfield><subfield code="2">local</subfield></datafield><datafield tag="689" ind1="0" ind2="0"><subfield code="0">(DE-588)4020219-7</subfield><subfield code="D">s</subfield><subfield code="a">Geografieunterricht </subfield></datafield><datafield tag="689" ind1="0" ind2="1"><subfield code="0">(DE-588)4077347-4</subfield><subfield code="D">s</subfield><subfield code="a">Sekundarstufe </subfield></datafield><datafield tag="689" ind1="0" ind2="2"><subfield code="0">(DE-588)4011882-4</subfield><subfield code="D">g</subfield><subfield code="a">Deutschland </subfield></datafield><datafield tag="689" ind1="0" ind2="3"><subfield code="A">s</subfield><subfield code="a">Atlas</subfield><subfield code="5">DE-101</subfield></datafield><datafield tag="689" ind1="1" ind2="0"><subfield code="0">(DE-588)4020219-7</subfield><subfield code="D">s</subfield><subfield code="a">Geografieunterricht </subfield></datafield><datafield tag="689" ind1="1" ind2="1"><subfield code="0">(DE-588)4015701-5</subfield><subfield code="D">g</subfield><subfield code="a">Europa </subfield></datafield><datafield tag="689" ind1="1" ind2="2"><subfield code="0">(DE-588)4011882-4</subfield><subfield code="D">g</subfield><subfield code="a">Deutschland </subfield></datafield><datafield tag="689" ind1="1" ind2="3"><subfield code="A">s</subfield><subfield code="a">Atlas</subfield><subfield code="5">DE-101</subfield></datafield><datafield tag="773" ind1="0" ind2="8"><subfield code="w">(DE-Frei129)02077725</subfield><subfield code="q">Europa</subfield></datafield><datafield tag="852" ind1=" " ind2=" "><subfield code="a">Frei 129</subfield><subfield code="b">PHFR</subfield><subfield code="c">RB 10226 E89 R3</subfield></datafield><datafield tag="980" ind1="0" ind2=" "><subfield code="a">00278997</subfield><subfield code="9">(PHFR)</subfield><subfield code="b">Handbibliothek (50)</subfield><subfield code="c">Geo P 900: 73</subfield><subfield code="d">Handbibliothek - nie verleihbar (54)</subfield><subfield code="e">Verfügbar (X)</subfield></datafield></record>