
<record><leader>03583nam a2200000uu 4500</leader><controlfield tag="001">23018564</controlfield><controlfield tag="003">DE-Frei129</controlfield><controlfield tag="005">20220811084018.0</controlfield><controlfield tag="007">tu</controlfield><controlfield tag="008">120210s2010    ||||||||||||||||||||eng||</controlfield><datafield tag="020" ind1=" " ind2=" "><subfield code="a">9780325012032</subfield><subfield code="9">9780325012032</subfield><subfield code="c">alk. paper</subfield></datafield><datafield tag="020" ind1=" " ind2=" "><subfield code="a">0325012032</subfield><subfield code="9">0325012032</subfield><subfield code="c">alk. paper</subfield></datafield><datafield tag="024" ind1="3" ind2=" "><subfield code="a">9780325012032</subfield></datafield><datafield tag="035" ind1=" " ind2=" "><subfield code="a">(DE-576)1614179557</subfield></datafield><datafield tag="041" ind1=" " ind2=" "><subfield code="a">eng</subfield></datafield><datafield tag="044" ind1=" " ind2=" "><subfield code="c">XD-US</subfield></datafield><datafield tag="245" ind1="1" ind2="0"><subfield code="a">English learners, academic literacy, and thinking</subfield><subfield code="b">learning in the challenge zone</subfield><subfield code="c">Pauline Gibbons</subfield></datafield><datafield tag="250" ind1=" " ind2=" "><subfield code="a">[Repr.]</subfield></datafield><datafield tag="260" ind1="3" ind2=" "><subfield code="a">Portsmouth, NH</subfield><subfield code="b">Heinemann</subfield><subfield code="c">2010</subfield></datafield><datafield tag="300" ind1=" " ind2=" "><subfield code="a">XIII, 192 Seiten</subfield><subfield code="b">graph. Darst.</subfield></datafield><datafield tag="500" ind1=" " ind2=" "><subfield code="a">Includes bibliographical references and index</subfield></datafield><datafield tag="650" ind1=" " ind2="7"><subfield code="a">English language</subfield><subfield code="0">(DE-Frei129)00237538</subfield><subfield code="2">local</subfield></datafield><datafield tag="650" ind1=" " ind2="7"><subfield code="a">Study and teaching (Middle school)</subfield><subfield code="0">(DE-Frei129)00243698</subfield><subfield code="2">local</subfield></datafield><datafield tag="650" ind1=" " ind2="7"><subfield code="a">Language arts (Middle school)</subfield><subfield code="0">(DE-Frei129)01871267</subfield><subfield code="2">local</subfield></datafield><datafield tag="689" ind1="0" ind2="0"><subfield code="A">s</subfield><subfield code="a">English language </subfield></datafield><datafield tag="689" ind1="0" ind2="1"><subfield code="A">s</subfield><subfield code="a">Study and teaching (Middle school)</subfield><subfield code="5">DE-101</subfield></datafield><datafield tag="689" ind1="1" ind2="0"><subfield code="A">s</subfield><subfield code="a">Language arts (Middle school)</subfield><subfield code="5">DE-101</subfield></datafield><datafield tag="700" ind1="1" ind2=" "><subfield code="0">(DE-588)142702943</subfield><subfield code="0">(DE-Frei129)00545983</subfield><subfield code="a">Gibbons, Pauline</subfield><subfield code="4">aut</subfield></datafield><datafield tag="852" ind1=" " ind2=" "><subfield code="a">Frei 129</subfield><subfield code="b">PHFR</subfield><subfield code="c">HD 205 G441</subfield></datafield><datafield tag="980" ind1="0" ind2=" "><subfield code="a">00221587</subfield><subfield code="9">(PHFR)</subfield><subfield code="b">2.OG (35)</subfield><subfield code="c">HD 205 G441</subfield><subfield code="d">Standardleihe (01)</subfield><subfield code="e">ausgeliehen (A) - Fälligkeitsdatum: 26.08.2022</subfield></datafield></record>