
<record><leader>02172nam a2200000uuc4500</leader><controlfield tag="001">23018075</controlfield><controlfield tag="003">DE-Frei129</controlfield><controlfield tag="005">20220811084018.0</controlfield><controlfield tag="007">tu</controlfield><controlfield tag="008">110318s2010    ||||||||||||||||||||ger||</controlfield><datafield tag="020" ind1=" " ind2=" "><subfield code="a">9783060813377</subfield><subfield code="9">9783060813377</subfield></datafield><datafield tag="035" ind1=" " ind2=" "><subfield code="a">(DE-576)140890876X</subfield></datafield><datafield tag="041" ind1=" " ind2=" "><subfield code="a">ger</subfield></datafield><datafield tag="245" ind1="1" ind2="0"><subfield code="a">Super M</subfield><subfield code="b">Mathematik für alle</subfield><subfield code="n">1 Schülerbuch</subfield><subfield code="c">Hrsg. von Ursula Manten; Gudrun Hütten; Klaus Heinze</subfield></datafield><datafield tag="250" ind1=" " ind2=" "><subfield code="a">1. Aufl., 3. Dr.</subfield></datafield><datafield tag="260" ind1="3" ind2=" "><subfield code="a">Berlin</subfield><subfield code="b">Cornelsen</subfield><subfield code="c">2010</subfield></datafield><datafield tag="300" ind1=" " ind2=" "><subfield code="a">128 Seiten</subfield><subfield code="b">Ill., graph. Darst.</subfield><subfield code="e">7 Bl.</subfield></datafield><datafield tag="773" ind1="0" ind2="8"><subfield code="w">(DE-Frei129)01039787</subfield><subfield code="q">11SCHü1142010</subfield></datafield><datafield tag="856" ind1="4" ind2=" "><subfield code="8">00</subfield><subfield code="u">http://swbplus.bsz-bw.de/bsz338908765cov.htm</subfield><subfield code="y">Cover</subfield></datafield><datafield tag="856" ind1="4" ind2=" "><subfield code="8">01</subfield><subfield code="u">http://swbplus.bsz-bw.de/bsz279155832inh.htm</subfield><subfield code="y">Verlagsinformation</subfield></datafield><datafield tag="980" ind1="0" ind2=" "><subfield code="a">00279012</subfield><subfield code="9">(PHFR)</subfield><subfield code="b">Handbibliothek (50)</subfield><subfield code="d">Handbibliothek - nie verleihbar (54)</subfield><subfield code="e">Verfügbar (X)</subfield></datafield></record>