
<record><leader>06298nam a2200000uu 4500</leader><controlfield tag="001">23012277</controlfield><controlfield tag="003">DE-Frei129</controlfield><controlfield tag="005">20220811084018.0</controlfield><controlfield tag="007">tu</controlfield><controlfield tag="008">110830s2010    ||||||||||||||||||||ger||</controlfield><datafield tag="020" ind1=" " ind2=" "><subfield code="a">9783827053718</subfield><subfield code="9">978-3-8270-5371-8</subfield></datafield><datafield tag="035" ind1=" " ind2=" "><subfield code="a">(DE-576)663928435</subfield></datafield><datafield tag="041" ind1=" " ind2=" "><subfield code="a">ger</subfield><subfield code="h">eng</subfield></datafield><datafield tag="044" ind1=" " ind2=" "><subfield code="c">XA-DE-BE</subfield></datafield><datafield tag="245" ind1="1" ind2="0"><subfield code="a">Onkel Montagues Schauergeschichten</subfield><subfield code="c">Chris Priestley. Ill. von David Roberts. Aus dem Engl. von Beatrice Howeg</subfield></datafield><datafield tag="246" ind1="1" ind2="3"><subfield code="a">Uncle Montague&apos;s Tales of Terror</subfield></datafield><datafield tag="250" ind1=" " ind2=" "><subfield code="a">4. Aufl.</subfield></datafield><datafield tag="260" ind1="3" ind2=" "><subfield code="a">Berlin</subfield><subfield code="b">Bloomsbury Kinderbücher &amp; Jugendbücher</subfield><subfield code="c">2010</subfield></datafield><datafield tag="300" ind1=" " ind2=" "><subfield code="a">222  Seiten</subfield><subfield code="b">Ill.</subfield></datafield><datafield tag="490" ind1="0" ind2=" "><subfield code="a">Bloomsbury Kinderbücher &amp; Jugendbücher</subfield></datafield><datafield tag="610" ind1="1" ind2="7"><subfield code="a">London</subfield><subfield code="0">(DE-Frei129)00030419</subfield><subfield code="0">(DE-588)4074335-4</subfield><subfield code="2">gnd</subfield></datafield><datafield tag="650" ind1=" " ind2="7"><subfield code="a">Schulleiter</subfield><subfield code="0">(DE-Frei129)00021643</subfield><subfield code="0">(DE-588)4127948-7</subfield><subfield code="2">gnd</subfield></datafield><datafield tag="650" ind1=" " ind2="7"><subfield code="a">Schikane</subfield><subfield code="0">(DE-Frei129)00066671</subfield><subfield code="0">(DE-588)4179599-4</subfield><subfield code="2">gnd</subfield></datafield><datafield tag="650" ind1=" " ind2="7"><subfield code="a">Schuldgefühl</subfield><subfield code="0">(DE-Frei129)00052085</subfield><subfield code="0">(DE-588)4140048-3</subfield><subfield code="2">gnd</subfield></datafield><datafield tag="650" ind1=" " ind2="7"><subfield code="a">Onkel</subfield><subfield code="0">(DE-Frei129)00095244</subfield><subfield code="0">(DE-588)4367335-1</subfield><subfield code="2">gnd</subfield></datafield><datafield tag="650" ind1=" " ind2="7"><subfield code="a">Kind</subfield><subfield code="0">(DE-Frei129)00001633</subfield><subfield code="0">(DE-588)4030550-8</subfield><subfield code="2">gnd</subfield></datafield><datafield tag="650" ind1=" " ind2="7"><subfield code="a">Schauererzählung</subfield><subfield code="0">(DE-Frei129)00058385</subfield><subfield code="0">(DE-588)4179418-7</subfield><subfield code="2">gnd</subfield></datafield><datafield tag="650" ind1=" " ind2="7"><subfield code="a">Neffe</subfield><subfield code="0">(DE-Frei129)03200201</subfield><subfield code="0">(DE-588)4357129-3</subfield><subfield code="2">gnd</subfield></datafield><datafield tag="655" ind1=" " ind2="7"><subfield code="a">Kinderbuch</subfield><subfield code="0">(DE-Frei129)00000374</subfield><subfield code="2">local</subfield></datafield><datafield tag="689" ind1="0" ind2="0"><subfield code="0">(DE-588)4074335-4</subfield><subfield code="D">g</subfield><subfield code="a">London </subfield></datafield><datafield tag="689" ind1="0" ind2="1"><subfield code="0">(DE-588)4127948-7</subfield><subfield code="D">s</subfield><subfield code="a">Schulleiter </subfield></datafield><datafield tag="689" ind1="0" ind2="2"><subfield code="0">(DE-588)4179599-4</subfield><subfield code="D">s</subfield><subfield code="a">Schikane </subfield></datafield><datafield tag="689" ind1="0" ind2="3"><subfield code="0">(DE-588)4140048-3</subfield><subfield code="D">s</subfield><subfield code="a">Schuldgefühl </subfield></datafield><datafield tag="689" ind1="0" ind2="4"><subfield code="A">s</subfield><subfield code="a">Kinderbuch</subfield><subfield code="5">DE-101</subfield></datafield><datafield tag="689" ind1="1" ind2="0"><subfield code="0">(DE-588)4367335-1</subfield><subfield code="D">s</subfield><subfield code="a">Onkel </subfield></datafield><datafield tag="689" ind1="1" ind2="1"><subfield code="0">(DE-588)4030550-8</subfield><subfield code="D">s</subfield><subfield code="a">Kind </subfield></datafield><datafield tag="689" ind1="1" ind2="2"><subfield code="0">(DE-588)4179418-7</subfield><subfield code="D">s</subfield><subfield code="a">Schauererzählung </subfield></datafield><datafield tag="689" ind1="1" ind2="3"><subfield code="0">(DE-588)4357129-3</subfield><subfield code="D">s</subfield><subfield code="a">Neffe </subfield></datafield><datafield tag="689" ind1="1" ind2="4"><subfield code="A">s</subfield><subfield code="a">Kinderbuch</subfield><subfield code="5">DE-101</subfield></datafield><datafield tag="700" ind1="1" ind2=" "><subfield code="0">(DE-Frei129)03001282</subfield><subfield code="a">Priestley, Chris</subfield><subfield code="4">aut</subfield></datafield><datafield tag="700" ind1="1" ind2=" "><subfield code="0">(DE-Frei129)00045657</subfield><subfield code="a">Roberts, David</subfield><subfield code="4">oth</subfield></datafield><datafield tag="700" ind1="1" ind2=" "><subfield code="0">(DE-588)128761245</subfield><subfield code="0">(DE-Frei129)03001283</subfield><subfield code="a">Howeg, Beatrice</subfield><subfield code="4">oth</subfield></datafield><datafield tag="852" ind1=" " ind2=" "><subfield code="a">Frei 129</subfield><subfield code="b">PHFR</subfield><subfield code="c">HN 9990 P949 (4)</subfield></datafield><datafield tag="980" ind1="0" ind2=" "><subfield code="a">00220607</subfield><subfield code="9">(PHFR)</subfield><subfield code="b">2.OG (35)</subfield><subfield code="c">HN 9990 P949 (4)</subfield><subfield code="d">Standardleihe (01)</subfield><subfield code="e">Verfügbar (X)</subfield></datafield></record>