
<record><leader>01995nam a2200000uuc4500</leader><controlfield tag="001">23012179</controlfield><controlfield tag="003">DE-Frei129</controlfield><controlfield tag="005">20220811084018.0</controlfield><controlfield tag="007">tu</controlfield><controlfield tag="008">110110s2010    |||||||||||||||||||||||||</controlfield><datafield tag="020" ind1=" " ind2=" "><subfield code="a">9783141140101</subfield><subfield code="9">9783141140101</subfield></datafield><datafield tag="035" ind1=" " ind2=" "><subfield code="a">(DE-576)1405622172</subfield></datafield><datafield tag="044" ind1=" " ind2=" "><subfield code="c">XA-DE</subfield></datafield><datafield tag="245" ind1="1" ind2="0"><subfield code="a">Diercke geography for bilingual classes</subfield><subfield code="n">Basic</subfield><subfield code="c">Moderation: Reinhard Hoffmann. Autoren: Matthew Appleby ...</subfield></datafield><datafield tag="250" ind1=" " ind2=" "><subfield code="a">[Nachdr.]</subfield></datafield><datafield tag="260" ind1="3" ind2=" "><subfield code="a">Braunschweig</subfield><subfield code="b">Westermann</subfield><subfield code="c">2010</subfield></datafield><datafield tag="300" ind1=" " ind2=" "><subfield code="a">80 Seiten</subfield></datafield><datafield tag="500" ind1=" " ind2=" "><subfield code="a">Lt. Verlagsangabe der 1. Bd. der Reihe (Kl. 5 und 6)</subfield></datafield><datafield tag="773" ind1="0" ind2="8"><subfield code="w">(DE-Frei129)01017753</subfield><subfield code="q">BASI42010</subfield></datafield><datafield tag="852" ind1=" " ind2=" "><subfield code="a">Frei 129</subfield><subfield code="b">PHFR</subfield><subfield code="c">HD 245 II H711 -1/2</subfield></datafield><datafield tag="980" ind1="0" ind2=" "><subfield code="a">00214361</subfield><subfield code="9">(PHFR)</subfield><subfield code="b">2.OG (35)</subfield><subfield code="c">HD 245 II H711 -1/2 +2</subfield><subfield code="d">Standardleihe (01)</subfield><subfield code="e">Verfügbar (X)</subfield></datafield></record>