
<record><leader>04607nam a2200000uu 4500</leader><controlfield tag="001">23011363</controlfield><controlfield tag="003">DE-Frei129</controlfield><controlfield tag="005">20220811084018.0</controlfield><controlfield tag="007">tu</controlfield><controlfield tag="008">100708s2010    ||||||||||||||||||||ger||</controlfield><datafield tag="020" ind1=" " ind2=" "><subfield code="a">9783922218920</subfield><subfield code="9">9783922218920</subfield></datafield><datafield tag="035" ind1=" " ind2=" "><subfield code="a">(DE-576)1603981144</subfield></datafield><datafield tag="041" ind1=" " ind2=" "><subfield code="a">ger</subfield></datafield><datafield tag="044" ind1=" " ind2=" "><subfield code="c">XA-DE-NI</subfield></datafield><datafield tag="245" ind1="1" ind2="0"><subfield code="a">Mobiles Atelier</subfield><subfield code="b">Kunstprojekte für Kindergärten : [08/09]</subfield><subfield code="c">[Hrsg. Stiftung Kulturregion Hannover... Konzeption und Projektleitung: Kirsten Mosel... Red.: Andrea v. Lüdinghausen ...]</subfield></datafield><datafield tag="260" ind1="3" ind2=" "><subfield code="a">Hannover</subfield><subfield code="b">Internationalismus-Verl.</subfield><subfield code="c">2010</subfield></datafield><datafield tag="300" ind1=" " ind2=" "><subfield code="a">95 Seiten</subfield><subfield code="b">zahlr. Ill.</subfield></datafield><datafield tag="500" ind1=" " ind2=" "><subfield code="a">Archivierung/Langzeitarchivierung gewährleistet</subfield></datafield><datafield tag="610" ind1="1" ind2="7"><subfield code="a">Braunschweig</subfield><subfield code="0">(DE-Frei129)00004375</subfield><subfield code="0">(DE-588)4008065-1</subfield><subfield code="2">gnd</subfield></datafield><datafield tag="610" ind1="1" ind2="7"><subfield code="a">Salzgitter</subfield><subfield code="0">(DE-Frei129)00021103</subfield><subfield code="0">(DE-588)4051434-1</subfield><subfield code="2">gnd</subfield></datafield><datafield tag="650" ind1=" " ind2="7"><subfield code="a">Kunst</subfield><subfield code="0">(DE-Frei129)00014040</subfield><subfield code="0">(DE-588)4114333-4</subfield><subfield code="2">gnd</subfield></datafield><datafield tag="650" ind1=" " ind2="7"><subfield code="a">Projekt</subfield><subfield code="0">(DE-Frei129)00028538</subfield><subfield code="0">(DE-588)4115645-6</subfield><subfield code="2">gnd</subfield></datafield><datafield tag="650" ind1=" " ind2="7"><subfield code="a">Kindertagesstätte</subfield><subfield code="0">(DE-Frei129)00011424</subfield><subfield code="0">(DE-588)4030638-0</subfield><subfield code="2">gnd</subfield></datafield><datafield tag="689" ind1="0" ind2="0"><subfield code="0">(DE-588)4008065-1</subfield><subfield code="D">g</subfield><subfield code="a">Braunschweig </subfield></datafield><datafield tag="689" ind1="0" ind2="1"><subfield code="0">(DE-588)4051434-1</subfield><subfield code="D">g</subfield><subfield code="a">Salzgitter </subfield></datafield><datafield tag="689" ind1="0" ind2="2"><subfield code="0">(DE-588)4114333-4</subfield><subfield code="D">s</subfield><subfield code="a">Kunst </subfield></datafield><datafield tag="689" ind1="0" ind2="3"><subfield code="0">(DE-588)4115645-6</subfield><subfield code="D">s</subfield><subfield code="a">Projekt </subfield></datafield><datafield tag="689" ind1="0" ind2="4"><subfield code="0">(DE-588)4030638-0</subfield><subfield code="D">s</subfield><subfield code="a">Kindertagesstätte</subfield><subfield code="5">DE-101</subfield></datafield><datafield tag="700" ind1="1" ind2=" "><subfield code="0">(DE-588)124631290</subfield><subfield code="0">(DE-Frei129)00733601</subfield><subfield code="a">Mosel, Kirsten</subfield><subfield code="4">oth</subfield></datafield><datafield tag="700" ind1="1" ind2=" "><subfield code="0">(DE-588)11936560X</subfield><subfield code="0">(DE-Frei129)00802574</subfield><subfield code="a">Lüdinghausen, Andrea von</subfield><subfield code="4">oth</subfield></datafield><datafield tag="852" ind1=" " ind2=" "><subfield code="a">Frei 129</subfield><subfield code="b">PHFR</subfield><subfield code="c">LH 61350 M898</subfield></datafield><datafield tag="856" ind1="4" ind2=" "><subfield code="8">00</subfield><subfield code="u">http://d-nb.info/1011112507/04</subfield><subfield code="y">Inhaltsverzeichnis</subfield></datafield><datafield tag="980" ind1="0" ind2=" "><subfield code="a">00348962</subfield><subfield code="9">(PHFR)</subfield><subfield code="b">2.OG (35)</subfield><subfield code="c">LH 61350 M898</subfield><subfield code="d">Standardleihe (01)</subfield><subfield code="e">Verfügbar (X)</subfield></datafield></record>