
<record><leader>05339nam a2200000uu 4500</leader><controlfield tag="001">22002138</controlfield><controlfield tag="003">DE-Frei129</controlfield><controlfield tag="005">20220811084018.0</controlfield><controlfield tag="007">tu</controlfield><controlfield tag="008">100310s2010    ||||||||||||||||||||ger||</controlfield><datafield tag="015" ind1=" " ind2=" "><subfield code="a">10,A19</subfield></datafield><datafield tag="016" ind1="7" ind2=" "><subfield code="a">1000627217</subfield><subfield code="2">DE-101</subfield></datafield><datafield tag="020" ind1=" " ind2=" "><subfield code="a">9783899242898</subfield><subfield code="9">9783899242898</subfield><subfield code="c">kart. : EUR 19.00</subfield></datafield><datafield tag="024" ind1="3" ind2=" "><subfield code="a">9783899242898</subfield></datafield><datafield tag="035" ind1=" " ind2=" "><subfield code="a">(DE-576)620836423</subfield></datafield><datafield tag="041" ind1=" " ind2=" "><subfield code="a">ger</subfield></datafield><datafield tag="044" ind1=" " ind2=" "><subfield code="c">XA-DE-NW</subfield></datafield><datafield tag="245" ind1="1" ind2="4"><subfield code="a">Der Staat und die Soziale Arbeit</subfield><subfield code="b">Bestandsaufnahme und Perspektiven eines fragwürdigen Verhältnisses</subfield><subfield code="c">Eric Mührel (Hrsg.)</subfield></datafield><datafield tag="260" ind1="3" ind2=" "><subfield code="a">Essen</subfield><subfield code="b">Verl. Die Blaue Eule</subfield><subfield code="c">2010</subfield></datafield><datafield tag="300" ind1=" " ind2=" "><subfield code="a">140 Seiten</subfield><subfield code="c">210 mm x 148 mm</subfield></datafield><datafield tag="490" ind1="1" ind2=" "><subfield code="a">Sozialpädagogik und Soziale Arbeit in der Blauen Eule </subfield><subfield code="v">18</subfield></datafield><datafield tag="500" ind1=" " ind2=" "><subfield code="a">Konferenzschrift, 2009</subfield></datafield><datafield tag="500" ind1=" " ind2=" "><subfield code="a">Emden</subfield></datafield><datafield tag="500" ind1=" " ind2=" "><subfield code="a">Literaturangaben</subfield></datafield><datafield tag="500" ind1=" " ind2=" "><subfield code="a">IMD-Felder maschinell generiert (GBV)</subfield></datafield><datafield tag="650" ind1=" " ind2="7"><subfield code="a">Staat</subfield><subfield code="0">(DE-Frei129)00017347</subfield><subfield code="0">(DE-588)4056618-3</subfield><subfield code="2">gnd</subfield></datafield><datafield tag="650" ind1=" " ind2="7"><subfield code="a">Sozialarbeit</subfield><subfield code="0">(DE-Frei129)00008803</subfield><subfield code="0">(DE-588)4055676-1</subfield><subfield code="2">gnd</subfield></datafield><datafield tag="650" ind1=" " ind2="7"><subfield code="a">Sozialrecht</subfield><subfield code="0">(DE-Frei129)00022579</subfield><subfield code="0">(DE-588)4055892-7</subfield><subfield code="2">gnd</subfield></datafield><datafield tag="651" ind1=" " ind2="7"><subfield code="a">Deutschland</subfield><subfield code="0">(DE-Frei129)00005806</subfield><subfield code="0">(DE-588)4011882-4</subfield><subfield code="2">gnd</subfield></datafield><datafield tag="689" ind1="0" ind2="0"><subfield code="0">(DE-588)4011882-4</subfield><subfield code="D">g</subfield><subfield code="a">Deutschland </subfield></datafield><datafield tag="689" ind1="0" ind2="1"><subfield code="0">(DE-588)4056618-3</subfield><subfield code="D">s</subfield><subfield code="a">Staat </subfield></datafield><datafield tag="689" ind1="0" ind2="2"><subfield code="0">(DE-588)4055676-1</subfield><subfield code="D">s</subfield><subfield code="a">Sozialarbeit </subfield></datafield><datafield tag="689" ind1="0" ind2="3"><subfield code="0">(DE-588)4055892-7</subfield><subfield code="D">s</subfield><subfield code="a">Sozialrecht</subfield><subfield code="5">DE-101</subfield></datafield><datafield tag="700" ind1="1" ind2=" "><subfield code="0">(DE-588)115568204</subfield><subfield code="0">(DE-Frei129)00193737</subfield><subfield code="a">Mührel, Eric</subfield><subfield code="4">Hrsg.</subfield></datafield><datafield tag="830" ind1=" " ind2="0"><subfield code="a">Sozialpädagogik und soziale Arbeit in der Blauen Eule</subfield><subfield code="v">18</subfield><subfield code="w">(DE-Frei129)00638138</subfield><subfield code="9">218</subfield></datafield><datafield tag="852" ind1=" " ind2=" "><subfield code="a">Frei129</subfield><subfield code="c">Paed U 50: 97</subfield></datafield><datafield tag="856" ind1="4" ind2=" "><subfield code="8">00</subfield><subfield code="u">http://www.socialnet.de/rezensionen/isbn.php?isbn=978-3-89924-289-8</subfield><subfield code="y">Rezension</subfield></datafield><datafield tag="856" ind1="4" ind2=" "><subfield code="8">01</subfield><subfield code="u">http://d-nb.info/1000627217/04</subfield><subfield code="y">Verlagsinformation</subfield></datafield><datafield tag="856" ind1="4" ind2=" "><subfield code="8">02</subfield><subfield code="u">http://d-nb.info/1000627217/04</subfield><subfield code="y">Inhaltsverzeichnis</subfield></datafield><datafield tag="980" ind1="0" ind2=" "><subfield code="a">00212400</subfield><subfield code="9">(PHFR)</subfield><subfield code="b">EG-Anbau (32)</subfield><subfield code="c">Paed U 50: 97</subfield><subfield code="d">Standardleihe (01)</subfield><subfield code="e">Verfügbar (X)</subfield></datafield></record>