
<record><leader>02012nam a2200000uu 4500</leader><controlfield tag="001">20020762</controlfield><controlfield tag="003">DE-Frei129</controlfield><controlfield tag="005">20220811084019.0</controlfield><controlfield tag="007">tu</controlfield><controlfield tag="008">130722s2010    ||||||||||||||||||||ger||</controlfield><datafield tag="020" ind1=" " ind2=" "><subfield code="a">9783795707248</subfield><subfield code="9">9783795707248</subfield></datafield><datafield tag="035" ind1=" " ind2=" "><subfield code="a">(DE-576)1604543671</subfield></datafield><datafield tag="041" ind1=" " ind2=" "><subfield code="a">ger</subfield></datafield><datafield tag="245" ind1="1" ind2="4"><subfield code="a">Das Elementare</subfield><subfield code="b">zur Musik- und Bewegungserziehung im Sinne Carl Orffs; Theorie und Praxis</subfield><subfield code="c">Ulrike E. Jungmair</subfield></datafield><datafield tag="250" ind1=" " ind2=" "><subfield code="a">2. Aufl.</subfield></datafield><datafield tag="260" ind1="3" ind2=" "><subfield code="a">Mainz [u.a.]</subfield><subfield code="b">Schott Söhne</subfield><subfield code="c">c 2010</subfield></datafield><datafield tag="300" ind1=" " ind2=" "><subfield code="a">304  Seiten</subfield></datafield><datafield tag="500" ind1=" " ind2=" "><subfield code="a">Literaturverz. S. 268 - 294</subfield></datafield><datafield tag="700" ind1="1" ind2=" "><subfield code="0">(DE-Frei129)00099087</subfield><subfield code="a">Jungmair, Ulrike E.</subfield><subfield code="4">aut</subfield></datafield><datafield tag="852" ind1=" " ind2=" "><subfield code="a">Frei 129</subfield><subfield code="b">PHFR</subfield><subfield code="c">LP 93738 J95 (2)</subfield></datafield><datafield tag="980" ind1="0" ind2=" "><subfield code="a">00406090</subfield><subfield code="9">(PHFR)</subfield><subfield code="b">3.OG (37)</subfield><subfield code="c">LP 93738 J95 (2)+1</subfield><subfield code="d">Standardleihe (01)</subfield><subfield code="e">Verfügbar (X)</subfield></datafield></record>