
<record><leader>04580nam a2200000uu 4500</leader><controlfield tag="001">16048765</controlfield><controlfield tag="003">DE-Frei129</controlfield><controlfield tag="005">20220811084019.0</controlfield><controlfield tag="007">tu</controlfield><controlfield tag="008">120830s2010    ||||||||||||||||||||ger||</controlfield><datafield tag="020" ind1=" " ind2=" "><subfield code="a">9783873876095</subfield><subfield code="9">9783873876095</subfield><subfield code="c">kart. : EUR 9.95</subfield></datafield><datafield tag="024" ind1="3" ind2=" "><subfield code="a">9783873876095</subfield></datafield><datafield tag="035" ind1=" " ind2=" "><subfield code="a">(DE-576)862626099</subfield></datafield><datafield tag="041" ind1=" " ind2=" "><subfield code="a">ger</subfield></datafield><datafield tag="245" ind1="1" ind2="0"><subfield code="a">Mach doch, was du willst</subfield><subfield code="b">Gewaltfreie Kommunikation am Arbeitsplatz</subfield><subfield code="c">Susann Pásztor;Klaus-Dieter Gens</subfield></datafield><datafield tag="250" ind1=" " ind2=" "><subfield code="a">2. Auflage</subfield></datafield><datafield tag="260" ind1="3" ind2=" "><subfield code="a">Paderborn</subfield><subfield code="b">Junfermann Verl.</subfield><subfield code="c">2010</subfield></datafield><datafield tag="300" ind1=" " ind2=" "><subfield code="a">92  Seiten</subfield><subfield code="b">grapf. Darst.</subfield><subfield code="c">8°</subfield></datafield><datafield tag="490" ind1="0" ind2=" "><subfield code="a">gewaltfrei leben</subfield></datafield><datafield tag="490" ind1="0" ind2=" "><subfield code="a">Kommunikation - Gewaltfreie Kommunikation</subfield></datafield><datafield tag="500" ind1=" " ind2=" "><subfield code="a">IMD-Felder maschinell generiert (GBV)</subfield></datafield><datafield tag="650" ind1=" " ind2="7"><subfield code="a">Innerbetriebliche Kommunikation</subfield><subfield code="0">(DE-Frei129)00043464</subfield><subfield code="0">(DE-588)4203966-6</subfield><subfield code="2">gnd</subfield></datafield><datafield tag="650" ind1=" " ind2="7"><subfield code="a">Konfliktlösung</subfield><subfield code="0">(DE-Frei129)00036545</subfield><subfield code="0">(DE-588)4114266-4</subfield><subfield code="2">gnd</subfield></datafield><datafield tag="689" ind1="0" ind2="0"><subfield code="0">(DE-588)4203966-6</subfield><subfield code="D">s</subfield><subfield code="a">Innerbetriebliche Kommunikation </subfield></datafield><datafield tag="689" ind1="0" ind2="1"><subfield code="0">(DE-588)4114266-4</subfield><subfield code="D">s</subfield><subfield code="a">Konfliktlösung</subfield><subfield code="5">DE-101</subfield></datafield><datafield tag="700" ind1="1" ind2=" "><subfield code="0">(DE-588)12470574X</subfield><subfield code="0">(DE-Frei129)00127071</subfield><subfield code="a">Pásztor, Susann</subfield><subfield code="4">aut</subfield></datafield><datafield tag="700" ind1="1" ind2=" "><subfield code="0">(DE-Frei129)00202424</subfield><subfield code="a">Gens, Klaus-Dieter</subfield><subfield code="4">aut</subfield></datafield><datafield tag="852" ind1=" " ind2=" "><subfield code="a">Frei 129</subfield><subfield code="b">PHFR</subfield><subfield code="c">Psy E 700: 384</subfield></datafield><datafield tag="856" ind1="4" ind2=" "><subfield code="8">00</subfield><subfield code="u">http://external.dandelon.com/download/attachments/dandelon/ids/AT00144CB5A447D1DAAD7C1257DE100372941.pdf</subfield><subfield code="y">Inhaltsverzeichnis</subfield></datafield><datafield tag="856" ind1="4" ind2=" "><subfield code="8">01</subfield><subfield code="u">http://external.dandelon.com/download/attachments/dandelon/ids/CH001F384E3600FBE636EC1257A93003A116C.pdf</subfield><subfield code="y">Inhaltsverzeichnis</subfield></datafield><datafield tag="856" ind1="4" ind2=" "><subfield code="8">02</subfield><subfield code="u">https://external.dandelon.com/download/attachments/dandelon/ids/CH001F384E3600FBE636EC1257A93003A116C.pdf</subfield><subfield code="y">Inhaltsverzeichnis</subfield></datafield><datafield tag="856" ind1="4" ind2=" "><subfield code="8">03</subfield><subfield code="u">http://deposit.dnb.de/cgi-bin/dokserv?id=2617989&amp;prov=M&amp;dok_var=1&amp;dok_ext=htm</subfield><subfield code="y">Inhaltstext</subfield></datafield><datafield tag="980" ind1="0" ind2=" "><subfield code="a">00398798</subfield><subfield code="9">(PHFR)</subfield><subfield code="b">EG-Anbau (32)</subfield><subfield code="c">Psy E 700: 384</subfield><subfield code="d">Standardleihe (01)</subfield><subfield code="e">Verfügbar (X)</subfield></datafield></record>