
<record><leader>05358nam a2200000uu 4500</leader><controlfield tag="001">16048380</controlfield><controlfield tag="003">DE-Frei129</controlfield><controlfield tag="005">20220811084019.0</controlfield><controlfield tag="007">tu</controlfield><controlfield tag="008">100406s2010    ||||||||||||||||||||ger||</controlfield><datafield tag="016" ind1="7" ind2=" "><subfield code="a">1001112458</subfield><subfield code="2">DE-101</subfield></datafield><datafield tag="020" ind1=" " ind2=" "><subfield code="a">9783577075312</subfield><subfield code="9">9783577075312</subfield><subfield code="c">GBSCHU. : EUR 49.95, EUR 51.40 (AT), sfr 84.90 (freier Pr.)</subfield></datafield><datafield tag="035" ind1=" " ind2=" "><subfield code="a">(DE-576)623061260</subfield></datafield><datafield tag="041" ind1=" " ind2=" "><subfield code="a">ger</subfield></datafield><datafield tag="044" ind1=" " ind2=" "><subfield code="c">XA-DE-NW</subfield><subfield code="c">XA-DE-BY</subfield></datafield><datafield tag="245" ind1="1" ind2="4"><subfield code="a">Der Brockhaus Literatur</subfield><subfield code="b">Schriftsteller, Werke, Epochen, Sachbegriffe</subfield><subfield code="c">[Red.: Eva Beate Bode ...]</subfield></datafield><datafield tag="246" ind1="1" ind2="3"><subfield code="a">Nebent.: Literatur</subfield></datafield><datafield tag="250" ind1=" " ind2=" "><subfield code="a">4., überarb. und aktualisierte Aufl.</subfield></datafield><datafield tag="260" ind1="3" ind2=" "><subfield code="a">Gütersloh ; München</subfield><subfield code="b">Brockhaus</subfield><subfield code="c">2010</subfield></datafield><datafield tag="300" ind1=" " ind2=" "><subfield code="a">960 Seiten</subfield><subfield code="b">zahlr. Ill.</subfield></datafield><datafield tag="500" ind1=" " ind2=" "><subfield code="a">IMD-Felder maschinell generiert (GBV)</subfield></datafield><datafield tag="520" ind1=" " ind2=" "><subfield code="a">Weltliteratur für Liebhaber - Die aktualisierte Auflage des &quot;Brockhaus Literatur&quot; ist ein Muss für alle Bücherwürmer, aber auch für Menschen, die sich in Ausbildung und Beruf mit Literatur befassen. Autoren und Werke, aber auch zahlreiche Sachbegriffe, wie z.B. &quot;Commedia dell`r̂te&quot; oder das Versmaß &quot;Trochäus&quot;, werden verständlich erklärt. Sonderseiten vertiefen Begriffe und Phänomene des Literaturbetriebs. Verweistafeln zu den großen Epochen der Literatur stellen diese in ihren historischen Kontext und bieten verwandte Begriffe zum Nachschlagen an.</subfield></datafield><datafield tag="648" ind1=" " ind2="7"><subfield code="a">Geschichte</subfield><subfield code="0">(DE-Frei129)00000468</subfield><subfield code="2">local</subfield></datafield><datafield tag="650" ind1=" " ind2="7"><subfield code="a">Literatur</subfield><subfield code="0">(DE-Frei129)00004520</subfield><subfield code="0">(DE-588)4035964-5</subfield><subfield code="2">gnd</subfield></datafield><datafield tag="650" ind1=" " ind2="7"><subfield code="a">Schriftsteller</subfield><subfield code="0">(DE-Frei129)00015471</subfield><subfield code="0">(DE-588)4053309-8</subfield><subfield code="2">gnd</subfield></datafield><datafield tag="689" ind1="0" ind2="0"><subfield code="0">(DE-588)4035964-5</subfield><subfield code="D">s</subfield><subfield code="a">Literatur </subfield></datafield><datafield tag="689" ind1="0" ind2="1"><subfield code="A">s</subfield><subfield code="a">Geschichte</subfield><subfield code="5">DE-101</subfield></datafield><datafield tag="689" ind1="1" ind2="0"><subfield code="0">(DE-588)4053309-8</subfield><subfield code="D">s</subfield><subfield code="a">Schriftsteller</subfield><subfield code="5">DE-101</subfield></datafield><datafield tag="700" ind1="1" ind2=" "><subfield code="0">(DE-Frei129)00200720</subfield><subfield code="a">Bode, Eva Beate</subfield><subfield code="4">Red.</subfield></datafield><datafield tag="700" ind1="1" ind2=" "><subfield code="0">(DE-Frei129)05000711</subfield><subfield code="a">Herkt, Matthias</subfield><subfield code="4">Hrsg.</subfield></datafield><datafield tag="700" ind1="1" ind2=" "><subfield code="0">(DE-588)133397599</subfield><subfield code="0">(DE-Frei129)00191624</subfield><subfield code="a">Bambach-Horst, Eva</subfield><subfield code="4">oth</subfield></datafield><datafield tag="852" ind1=" " ind2=" "><subfield code="a">Frei 129</subfield><subfield code="b">PHFR</subfield><subfield code="c">EC 1020 B666 (4)</subfield></datafield><datafield tag="856" ind1="4" ind2=" "><subfield code="8">00</subfield><subfield code="u">http://d-nb.info/1001112458/04</subfield><subfield code="y">Inhaltsverzeichnis</subfield></datafield><datafield tag="856" ind1="4" ind2=" "><subfield code="8">01</subfield><subfield code="u">http://ecx.images-amazon.com/images/I/51g7QIx4GuL._SX342_.jpg</subfield><subfield code="y">Cover</subfield></datafield><datafield tag="856" ind1="4" ind2=" "><subfield code="8">02</subfield><subfield code="u">http://d-nb.info/1001112458/04</subfield><subfield code="y">Verlagsinformation</subfield></datafield><datafield tag="980" ind1="0" ind2=" "><subfield code="a">00214539</subfield><subfield code="9">(PHFR)</subfield><subfield code="b">2.OG (35)</subfield><subfield code="c">EC 1020 B666 (4)</subfield><subfield code="d">Präsenzbestand II (51)</subfield><subfield code="e">Verfügbar (X)</subfield></datafield></record>