
<record><leader>05107nam a2200000uuc4500</leader><controlfield tag="001">16043920</controlfield><controlfield tag="003">DE-Frei129</controlfield><controlfield tag="005">20220811084019.0</controlfield><controlfield tag="007">tu</controlfield><controlfield tag="008">100709s2010    ||||||||||||||||||||eng||</controlfield><datafield tag="020" ind1=" " ind2=" "><subfield code="a">9783507866782</subfield><subfield code="9">9783507866782</subfield></datafield><datafield tag="035" ind1=" " ind2=" "><subfield code="a">(DE-576)138246021X</subfield></datafield><datafield tag="041" ind1=" " ind2=" "><subfield code="a">eng</subfield><subfield code="a">ger</subfield></datafield><datafield tag="044" ind1=" " ind2=" "><subfield code="c">XA-DE</subfield></datafield><datafield tag="245" ind1="1" ind2="0"><subfield code="a">Linder - Bilingual workbook</subfield><subfield code="n">Ecology - terrestrial systems</subfield></datafield><datafield tag="250" ind1=" " ind2=" "><subfield code="a">Dr. A</subfield></datafield><datafield tag="260" ind1="3" ind2=" "><subfield code="a">Braunschweig</subfield><subfield code="b">Schroedel</subfield><subfield code="c">[c 2010]</subfield></datafield><datafield tag="300" ind1=" " ind2=" "><subfield code="a">67 Seiten</subfield><subfield code="b">Ill., graph. Darst.</subfield></datafield><datafield tag="500" ind1=" " ind2=" "><subfield code="a">Hier auch später erschienene, unveränderte Nachdrucke</subfield></datafield><datafield tag="500" ind1=" " ind2=" "><subfield code="a">Alle Drucke der Serie A sind im Unterricht parallel verwendbar</subfield></datafield><datafield tag="650" ind1=" " ind2="7"><subfield code="a">Terrestrisches Ökosystem</subfield><subfield code="0">(DE-Frei129)00162912</subfield><subfield code="0">(DE-588)4309007-2</subfield><subfield code="2">gnd</subfield></datafield><datafield tag="650" ind1=" " ind2="7"><subfield code="a">Zweisprachiger Unterricht</subfield><subfield code="0">(DE-Frei129)00120704</subfield><subfield code="0">(DE-588)7581317-8</subfield><subfield code="2">gnd</subfield></datafield><datafield tag="650" ind1=" " ind2="7"><subfield code="a">Sekundarstufe 1</subfield><subfield code="0">(DE-Frei129)00021625</subfield><subfield code="0">(DE-588)4054365-1</subfield><subfield code="2">gnd</subfield></datafield><datafield tag="650" ind1=" " ind2="7"><subfield code="a">Ökosystem</subfield><subfield code="0">(DE-Frei129)00014865</subfield><subfield code="0">(DE-588)4043216-6</subfield><subfield code="2">gnd</subfield></datafield><datafield tag="650" ind1=" " ind2="7"><subfield code="a">Englisch</subfield><subfield code="0">(DE-Frei129)00006961</subfield><subfield code="0">(DE-588)4014777-0</subfield><subfield code="2">gnd</subfield></datafield><datafield tag="650" ind1=" " ind2="7"><subfield code="a">Wortschatz</subfield><subfield code="0">(DE-Frei129)00023994</subfield><subfield code="0">(DE-588)4126555-5</subfield><subfield code="2">gnd</subfield></datafield><datafield tag="689" ind1="0" ind2="0"><subfield code="0">(DE-588)4309007-2</subfield><subfield code="D">s</subfield><subfield code="a">Terrestrisches Ökosystem </subfield></datafield><datafield tag="689" ind1="0" ind2="1"><subfield code="0">(DE-588)7581317-8</subfield><subfield code="D">s</subfield><subfield code="a">Zweisprachiger Unterricht </subfield></datafield><datafield tag="689" ind1="0" ind2="2"><subfield code="0">(DE-588)4054365-1</subfield><subfield code="D">s</subfield><subfield code="a">Sekundarstufe 1</subfield><subfield code="5">DE-101</subfield></datafield><datafield tag="689" ind1="1" ind2="0"><subfield code="0">(DE-588)4043216-6</subfield><subfield code="D">s</subfield><subfield code="a">Ökosystem </subfield></datafield><datafield tag="689" ind1="1" ind2="1"><subfield code="0">(DE-588)4014777-0</subfield><subfield code="D">s</subfield><subfield code="a">Englisch </subfield></datafield><datafield tag="689" ind1="1" ind2="2"><subfield code="0">(DE-588)4126555-5</subfield><subfield code="D">s</subfield><subfield code="a">Wortschatz </subfield></datafield><datafield tag="689" ind1="1" ind2="3"><subfield code="0">(DE-588)7581317-8</subfield><subfield code="D">s</subfield><subfield code="a">Zweisprachiger Unterricht </subfield></datafield><datafield tag="689" ind1="1" ind2="4"><subfield code="0">(DE-588)4054365-1</subfield><subfield code="D">s</subfield><subfield code="a">Sekundarstufe 1</subfield><subfield code="5">DE-101</subfield></datafield><datafield tag="773" ind1="0" ind2="8"><subfield code="w">(DE-Frei129)16043921</subfield><subfield code="q">ECOLOGY - TERRESTRIAL SYSTEMS</subfield></datafield><datafield tag="852" ind1=" " ind2=" "><subfield code="a">Frei 129</subfield><subfield code="b">PHFR</subfield><subfield code="c">HD 245 L744 -3</subfield></datafield><datafield tag="980" ind1="0" ind2=" "><subfield code="a">00279157</subfield><subfield code="9">(PHFR)</subfield><subfield code="b">Handbibliothek (50)</subfield><subfield code="c">Fre O 950: 20,3</subfield><subfield code="d">Handbibliothek - nie verleihbar (54)</subfield><subfield code="e">Verfügbar (X)</subfield></datafield></record>