
<record><leader>02207nam a2200000uuc4500</leader><controlfield tag="001">16042576</controlfield><controlfield tag="003">DE-Frei129</controlfield><controlfield tag="005">20220811084019.0</controlfield><controlfield tag="007">tu</controlfield><controlfield tag="008">110915s2010    ||||||||||||||||||||ger||</controlfield><datafield tag="020" ind1=" " ind2=" "><subfield code="a">9783060325160</subfield><subfield code="9">9783060325160</subfield></datafield><datafield tag="035" ind1=" " ind2=" "><subfield code="a">(DE-576)142033817X</subfield></datafield><datafield tag="041" ind1=" " ind2=" "><subfield code="a">ger</subfield><subfield code="a">eng</subfield></datafield><datafield tag="245" ind1="1" ind2="0"><subfield code="a">New highlight</subfield><subfield code="n">4, Workbook</subfield><subfield code="p">Workbook + Audio-CD : für 4 Wochenstunden Englisch</subfield><subfield code="c">hrsg. u. erarb. von Frank Donoghue</subfield></datafield><datafield tag="250" ind1=" " ind2=" "><subfield code="a">1. Aufl.</subfield></datafield><datafield tag="260" ind1="3" ind2=" "><subfield code="a">Berlin</subfield><subfield code="b">Cornelson Scriptor</subfield><subfield code="c">2010</subfield></datafield><datafield tag="300" ind1=" " ind2=" "><subfield code="a">70 Seiten</subfield><subfield code="b">Ill., graph. Darst.</subfield></datafield><datafield tag="773" ind1="0" ind2="8"><subfield code="w">(DE-Frei129)01275583</subfield><subfield code="q">14WORK4WST1142010</subfield></datafield><datafield tag="852" ind1=" " ind2=" "><subfield code="a">Frei 129</subfield><subfield code="b">PHFR</subfield><subfield code="c">HD 220 II B134 Z</subfield></datafield><datafield tag="856" ind1="4" ind2=" "><subfield code="8">00</subfield><subfield code="u">http://swbplus.bsz-bw.de/bsz350338175cov.htm</subfield><subfield code="y">Cover</subfield></datafield><datafield tag="980" ind1="0" ind2=" "><subfield code="a">00378138</subfield><subfield code="9">(PHFR)</subfield><subfield code="b">Handbibliothek (50)</subfield><subfield code="c">Fre O 150: 8 ALV,4 a CROM</subfield><subfield code="d">Handbibliothek - nie verleihbar (54)</subfield><subfield code="e">Verfügbar (X)</subfield></datafield></record>