
<record><leader>03630nam a2200000uu 4500</leader><controlfield tag="001">16042429</controlfield><controlfield tag="003">DE-Frei129</controlfield><controlfield tag="005">20220811084019.0</controlfield><controlfield tag="007">tu</controlfield><controlfield tag="008">110609s2010    ||||||||||||||||||||ger||</controlfield><datafield tag="015" ind1=" " ind2=" "><subfield code="a">10,A44</subfield></datafield><datafield tag="016" ind1="7" ind2=" "><subfield code="a">1002298598</subfield><subfield code="2">DE-101</subfield></datafield><datafield tag="020" ind1=" " ind2=" "><subfield code="a">9783551168962</subfield><subfield code="9">978-3-551-16896-2</subfield><subfield code="c">Pp. : EUR 12.90 (DE), EUR 13.30 (AT), sfr 23.90 (freier Pr.)</subfield></datafield><datafield tag="024" ind1="3" ind2=" "><subfield code="a">9783551168962</subfield></datafield><datafield tag="035" ind1=" " ind2=" "><subfield code="a">(DE-576)1610901584</subfield></datafield><datafield tag="041" ind1=" " ind2=" "><subfield code="a">ger</subfield><subfield code="h">fre</subfield></datafield><datafield tag="044" ind1=" " ind2=" "><subfield code="c">XA-DE-HH</subfield></datafield><datafield tag="245" ind1="1" ind2="0"><subfield code="a">Meine große kleine Welt</subfield><subfield code="c">Text und Ill. von Marianne Dubuc. [Aus dem Franz. von Anna Taube]</subfield></datafield><datafield tag="246" ind1="1" ind2="3"><subfield code="a">Devant ma maison</subfield></datafield><datafield tag="260" ind1="3" ind2=" "><subfield code="a">Hamburg</subfield><subfield code="b">Carlsen</subfield><subfield code="c">2010</subfield></datafield><datafield tag="300" ind1=" " ind2=" "><subfield code="a">[ca. 120]  Seiten</subfield><subfield code="b">überw. Ill.</subfield></datafield><datafield tag="650" ind1=" " ind2="7"><subfield code="a">Reise</subfield><subfield code="0">(DE-Frei129)00006986</subfield><subfield code="0">(DE-588)4049275-8</subfield><subfield code="2">gnd</subfield></datafield><datafield tag="655" ind1=" " ind2="7"><subfield code="a">Bilderbuch</subfield><subfield code="0">(DE-Frei129)00000373</subfield><subfield code="2">local</subfield></datafield><datafield tag="689" ind1="0" ind2="0"><subfield code="0">(DE-588)4049275-8</subfield><subfield code="D">s</subfield><subfield code="a">Reise </subfield></datafield><datafield tag="689" ind1="0" ind2="1"><subfield code="A">s</subfield><subfield code="a">Bilderbuch</subfield><subfield code="5">DE-101</subfield></datafield><datafield tag="700" ind1="1" ind2=" "><subfield code="0">(DE-Frei129)16003304</subfield><subfield code="a">Dubuc, Marianne</subfield><subfield code="4">aut</subfield></datafield><datafield tag="700" ind1="1" ind2=" "><subfield code="0">(DE-588)129482986</subfield><subfield code="0">(DE-Frei129)00470047</subfield><subfield code="a">Taube, Anna</subfield><subfield code="4">Übers.</subfield></datafield><datafield tag="852" ind1=" " ind2=" "><subfield code="a">Frei 129</subfield><subfield code="b">PHFR</subfield><subfield code="c">ED 5540 D821 T2</subfield></datafield><datafield tag="856" ind1="4" ind2=" "><subfield code="8">00</subfield><subfield code="u">http://deposit.d-nb.de/cgi-bin/dokserv?id=3470293&amp;prov=M&amp;dok_var=1&amp;dok_ext=htm</subfield><subfield code="y">Inhaltstext</subfield></datafield><datafield tag="980" ind1="0" ind2=" "><subfield code="a">00429321</subfield><subfield code="9">(PHFR)</subfield><subfield code="b">Handbibliothek (50)</subfield><subfield code="c">JuLi D Dub 2: 2</subfield><subfield code="d">Handbibliothek - nie verleihbar (54)</subfield><subfield code="e">Verfügbar (X)</subfield></datafield></record>