
<record><leader>08073nam a2200000uu 4500</leader><controlfield tag="001">16040880</controlfield><controlfield tag="003">DE-Frei129</controlfield><controlfield tag="005">20220811084019.0</controlfield><controlfield tag="007">tu</controlfield><controlfield tag="008">101001s2010    |||||||||m||||||||||ger||</controlfield><datafield tag="020" ind1=" " ind2=" "><subfield code="a">9783832525378</subfield><subfield code="9">978-3-8325-2537-8</subfield><subfield code="c">kart.</subfield></datafield><datafield tag="035" ind1=" " ind2=" "><subfield code="a">(DE-576)1605449377</subfield></datafield><datafield tag="041" ind1=" " ind2=" "><subfield code="a">ger</subfield></datafield><datafield tag="245" ind1="1" ind2="0"><subfield code="a">Zum Verständnis des Löslichkeitskonzeptes im Chemieunterricht</subfield><subfield code="b">der Effekt von Methoden progressiver und kollaborativer Reflexion</subfield><subfield code="c">von Thomas Grüß-Niehaus</subfield></datafield><datafield tag="260" ind1="3" ind2=" "><subfield code="a">Berlin</subfield><subfield code="b">Logos-Verl.</subfield><subfield code="c">2010 2010</subfield></datafield><datafield tag="300" ind1=" " ind2=" "><subfield code="a">291  Seiten</subfield><subfield code="b">Ill., graph. Darst.</subfield><subfield code="c">21 cm</subfield></datafield><datafield tag="490" ind1="1" ind2=" "><subfield code="a">Studien zum Physik- und Chemielernen</subfield><subfield code="v">102</subfield></datafield><datafield tag="502" ind1=" " ind2=" "><subfield code="a">Zugl.: Hannover, Univ., Diss., 2010</subfield></datafield><datafield tag="650" ind1=" " ind2="7"><subfield code="a">Chemieunterricht</subfield><subfield code="0">(DE-Frei129)00004923</subfield><subfield code="0">(DE-588)4009832-1</subfield><subfield code="2">gnd</subfield></datafield><datafield tag="650" ind1=" " ind2="7"><subfield code="a">Löslichkeit</subfield><subfield code="0">(DE-Frei129)00015568</subfield><subfield code="0">(DE-588)4114435-1</subfield><subfield code="2">gnd</subfield></datafield><datafield tag="650" ind1=" " ind2="7"><subfield code="a">Sekundarstufe 1</subfield><subfield code="0">(DE-Frei129)00021625</subfield><subfield code="0">(DE-588)4054365-1</subfield><subfield code="2">gnd</subfield></datafield><datafield tag="650" ind1=" " ind2="7"><subfield code="a">Validierung</subfield><subfield code="0">(DE-Frei129)00024953</subfield><subfield code="0">(DE-588)4187357-9</subfield><subfield code="2">gnd</subfield></datafield><datafield tag="650" ind1=" " ind2="7"><subfield code="a">Lehr-Lern-Forschung</subfield><subfield code="0">(DE-Frei129)00049022</subfield><subfield code="0">(DE-588)4478933-6</subfield><subfield code="2">gnd</subfield></datafield><datafield tag="650" ind1=" " ind2="7"><subfield code="a">Wissenserwerb</subfield><subfield code="0">(DE-Frei129)00079452</subfield><subfield code="0">(DE-588)4241169-5</subfield><subfield code="2">gnd</subfield></datafield><datafield tag="650" ind1=" " ind2="7"><subfield code="a">Schülerversuch</subfield><subfield code="0">(DE-Frei129)00090355</subfield><subfield code="0">(DE-588)4316613-1</subfield><subfield code="2">gnd</subfield></datafield><datafield tag="650" ind1=" " ind2="7"><subfield code="a">Chemieunterricht</subfield><subfield code="0">(DE-Frei129)00004923</subfield><subfield code="0">(DE-588)4009832-1</subfield><subfield code="2">gnd</subfield></datafield><datafield tag="650" ind1=" " ind2="7"><subfield code="a">Löslichkeit</subfield><subfield code="0">(DE-Frei129)00015568</subfield><subfield code="0">(DE-588)4114435-1</subfield><subfield code="2">gnd</subfield></datafield><datafield tag="650" ind1=" " ind2="7"><subfield code="a">Lehr-Lern-Forschung</subfield><subfield code="0">(DE-Frei129)00049022</subfield><subfield code="0">(DE-588)4478933-6</subfield><subfield code="2">gnd</subfield></datafield><datafield tag="650" ind1=" " ind2="7"><subfield code="a">Wissenserwerb</subfield><subfield code="0">(DE-Frei129)00079452</subfield><subfield code="0">(DE-588)4241169-5</subfield><subfield code="2">gnd</subfield></datafield><datafield tag="650" ind1=" " ind2="7"><subfield code="a">Schülerversuch</subfield><subfield code="0">(DE-Frei129)00090355</subfield><subfield code="0">(DE-588)4316613-1</subfield><subfield code="2">gnd</subfield></datafield><datafield tag="650" ind1=" " ind2="7"><subfield code="a">Sekundarstufe 1</subfield><subfield code="0">(DE-Frei129)00021625</subfield><subfield code="0">(DE-588)4054365-1</subfield><subfield code="2">gnd</subfield></datafield><datafield tag="650" ind1=" " ind2="7"><subfield code="a">Validierung</subfield><subfield code="0">(DE-Frei129)00024953</subfield><subfield code="0">(DE-588)4187357-9</subfield><subfield code="2">gnd</subfield></datafield><datafield tag="689" ind1="0" ind2="0"><subfield code="0">(DE-588)4009832-1</subfield><subfield code="D">s</subfield><subfield code="a">Chemieunterricht </subfield></datafield><datafield tag="689" ind1="0" ind2="1"><subfield code="0">(DE-588)4114435-1</subfield><subfield code="D">s</subfield><subfield code="a">Löslichkeit </subfield></datafield><datafield tag="689" ind1="0" ind2="2"><subfield code="0">(DE-588)4478933-6</subfield><subfield code="D">s</subfield><subfield code="a">Lehr-Lern-Forschung </subfield></datafield><datafield tag="689" ind1="0" ind2="3"><subfield code="0">(DE-588)4241169-5</subfield><subfield code="D">s</subfield><subfield code="a">Wissenserwerb</subfield><subfield code="5">DE-101</subfield></datafield><datafield tag="689" ind1="1" ind2="0"><subfield code="0">(DE-588)4009832-1</subfield><subfield code="D">s</subfield><subfield code="a">Chemieunterricht </subfield></datafield><datafield tag="689" ind1="1" ind2="1"><subfield code="0">(DE-588)4114435-1</subfield><subfield code="D">s</subfield><subfield code="a">Löslichkeit </subfield></datafield><datafield tag="689" ind1="1" ind2="2"><subfield code="0">(DE-588)4316613-1</subfield><subfield code="D">s</subfield><subfield code="a">Schülerversuch </subfield></datafield><datafield tag="689" ind1="1" ind2="3"><subfield code="0">(DE-588)4054365-1</subfield><subfield code="D">s</subfield><subfield code="a">Sekundarstufe 1 </subfield></datafield><datafield tag="689" ind1="1" ind2="4"><subfield code="0">(DE-588)4241169-5</subfield><subfield code="D">s</subfield><subfield code="a">Wissenserwerb </subfield></datafield><datafield tag="689" ind1="1" ind2="5"><subfield code="0">(DE-588)4187357-9</subfield><subfield code="D">s</subfield><subfield code="a">Validierung</subfield><subfield code="5">DE-101</subfield></datafield><datafield tag="700" ind1="1" ind2=" "><subfield code="0">(DE-588)142290475</subfield><subfield code="0">(DE-Frei129)00417430</subfield><subfield code="a">Grüß-Niehaus, Thomas</subfield><subfield code="4">aut</subfield></datafield><datafield tag="776" ind1="0" ind2="8"><subfield code="a">Thomas Grüß-Niehaus</subfield><subfield code="i">Erscheint auch als Online-Ausgabe</subfield><subfield code="t">Zum Verständnis des Löslichkeitskonzeptes im Chemieunterricht -- der Effekt von Methoden progressiver und kollaborativer Reflexion --</subfield><subfield code="w">(DE-Frei129)03901705</subfield><subfield code="w">(DE-576)1009859927</subfield></datafield><datafield tag="830" ind1=" " ind2="0"><subfield code="a">Studien zum Physik- und Chemielernen</subfield><subfield code="v">102</subfield><subfield code="w">(DE-Frei129)00269754</subfield><subfield code="9">3102</subfield></datafield><datafield tag="852" ind1=" " ind2=" "><subfield code="a">Frei129</subfield><subfield code="c">Che G 160: 96</subfield></datafield><datafield tag="856" ind1="4" ind2=" "><subfield code="8">00</subfield><subfield code="u">http://d-nb.info/1006688366/04</subfield><subfield code="y">Inhaltsverzeichnis</subfield></datafield><datafield tag="980" ind1="0" ind2=" "><subfield code="a">00216964</subfield><subfield code="9">(PHFR)</subfield><subfield code="b">UG (33)</subfield><subfield code="c">Che G 160: 96</subfield><subfield code="d">Standardleihe (01)</subfield><subfield code="e">Verfügbar (X)</subfield></datafield></record>