
<record><leader>09452nam a2200000uu 4500</leader><controlfield tag="001">16040875</controlfield><controlfield tag="003">DE-Frei129</controlfield><controlfield tag="005">20220811084019.0</controlfield><controlfield tag="007">tu</controlfield><controlfield tag="008">100921s2010    |||||||||m||||||||||ger||</controlfield><datafield tag="015" ind1=" " ind2=" "><subfield code="a">10,A42</subfield></datafield><datafield tag="016" ind1="7" ind2=" "><subfield code="a">1006686053</subfield><subfield code="2">DE-101</subfield></datafield><datafield tag="020" ind1=" " ind2=" "><subfield code="a">9783832525484</subfield><subfield code="9">9783832525484</subfield><subfield code="c">kart.</subfield></datafield><datafield tag="035" ind1=" " ind2=" "><subfield code="a">(DE-576)63538809X</subfield></datafield><datafield tag="041" ind1=" " ind2=" "><subfield code="a">ger</subfield></datafield><datafield tag="044" ind1=" " ind2=" "><subfield code="c">XA-DE-BE</subfield><subfield code="c">XA-DE</subfield></datafield><datafield tag="245" ind1="1" ind2="0"><subfield code="a">Blickbewegungsmessung an Versuchsaufbauten</subfield><subfield code="b">Studien zur Wahrnehmung, Verarbeitung und usability von physikbezogenen Experimenten am Bildschirm und in der Realität</subfield><subfield code="c">Adrian Voßkühler</subfield></datafield><datafield tag="260" ind1="3" ind2=" "><subfield code="a">Berlin</subfield><subfield code="b">Logos-Verl.</subfield><subfield code="c">2010</subfield></datafield><datafield tag="300" ind1=" " ind2=" "><subfield code="a">III, 224 Seiten</subfield><subfield code="b">Ill., graph. Darst.</subfield><subfield code="c">21 cm</subfield></datafield><datafield tag="490" ind1="1" ind2=" "><subfield code="a">Studien zum Physik- und Chemielernen </subfield><subfield code="v">Bd. 104</subfield></datafield><datafield tag="500" ind1=" " ind2=" "><subfield code="a">Berlin</subfield></datafield><datafield tag="500" ind1=" " ind2=" "><subfield code="a">Die im Text erwähnte DVD-ROM mit vollständiger Zsstellung der Ergebnisse als SPSS-Datei (s. u.a. Abschn. 8.9) ist nicht erschienen, der Inhalt ist jedoch unter folgender Adresse herunterladbar: http://www.vosskuehler.name/Dissertation/DVD.zip</subfield></datafield><datafield tag="500" ind1=" " ind2=" "><subfield code="a">IMD-Felder maschinell generiert (GBV)</subfield></datafield><datafield tag="502" ind1=" " ind2=" "><subfield code="a">Zugl.: Berlin, Freie Univ., Diss., 2010</subfield></datafield><datafield tag="650" ind1=" " ind2="7"><subfield code="a">Blickbewegung</subfield><subfield code="0">(DE-Frei129)00002219</subfield><subfield code="0">(DE-588)4145961-1</subfield><subfield code="2">gnd</subfield></datafield><datafield tag="650" ind1=" " ind2="7"><subfield code="a">Schüler</subfield><subfield code="0">(DE-Frei129)00002305</subfield><subfield code="0">(DE-588)4053369-4</subfield><subfield code="2">gnd</subfield></datafield><datafield tag="650" ind1=" " ind2="7"><subfield code="a">Vorstellung</subfield><subfield code="0">(DE-Frei129)00005508</subfield><subfield code="0">(DE-588)4064032-2</subfield><subfield code="2">gnd</subfield></datafield><datafield tag="650" ind1=" " ind2="7"><subfield code="a">Messung</subfield><subfield code="0">(DE-Frei129)00006295</subfield><subfield code="0">(DE-588)4038852-9</subfield><subfield code="2">gnd</subfield></datafield><datafield tag="650" ind1=" " ind2="7"><subfield code="a">Physikunterricht</subfield><subfield code="0">(DE-Frei129)00019086</subfield><subfield code="0">(DE-588)4045977-9</subfield><subfield code="2">gnd</subfield></datafield><datafield tag="650" ind1=" " ind2="7"><subfield code="a">Augenfolgebewegung</subfield><subfield code="0">(DE-Frei129)00088784</subfield><subfield code="0">(DE-588)4301487-2</subfield><subfield code="2">gnd</subfield></datafield><datafield tag="650" ind1=" " ind2="7"><subfield code="a">Schülerversuch</subfield><subfield code="0">(DE-Frei129)00090355</subfield><subfield code="0">(DE-588)4316613-1</subfield><subfield code="2">gnd</subfield></datafield><datafield tag="650" ind1=" " ind2="7"><subfield code="a">Physikunterricht</subfield><subfield code="0">(DE-Frei129)00019086</subfield><subfield code="0">(DE-588)4045977-9</subfield><subfield code="2">gnd</subfield></datafield><datafield tag="650" ind1=" " ind2="7"><subfield code="a">Experiment</subfield><subfield code="0">(DE-Frei129)00007615</subfield><subfield code="0">(DE-588)4015999-1</subfield><subfield code="2">gnd</subfield></datafield><datafield tag="650" ind1=" " ind2="7"><subfield code="a">Computersimulation</subfield><subfield code="0">(DE-Frei129)00055223</subfield><subfield code="0">(DE-588)4148259-1</subfield><subfield code="2">gnd</subfield></datafield><datafield tag="650" ind1=" " ind2="7"><subfield code="a">Schüler</subfield><subfield code="0">(DE-Frei129)00002305</subfield><subfield code="0">(DE-588)4053369-4</subfield><subfield code="2">gnd</subfield></datafield><datafield tag="650" ind1=" " ind2="7"><subfield code="a">Blickbewegung</subfield><subfield code="0">(DE-Frei129)00002219</subfield><subfield code="0">(DE-588)4145961-1</subfield><subfield code="2">gnd</subfield></datafield><datafield tag="650" ind1=" " ind2="7"><subfield code="a">Schülerversuch</subfield><subfield code="0">(DE-Frei129)00090355</subfield><subfield code="0">(DE-588)4316613-1</subfield><subfield code="2">gnd</subfield></datafield><datafield tag="650" ind1=" " ind2="7"><subfield code="a">Augenfolgebewegung</subfield><subfield code="0">(DE-Frei129)00088784</subfield><subfield code="0">(DE-588)4301487-2</subfield><subfield code="2">gnd</subfield></datafield><datafield tag="650" ind1=" " ind2="7"><subfield code="a">Messung</subfield><subfield code="0">(DE-Frei129)00006295</subfield><subfield code="0">(DE-588)4038852-9</subfield><subfield code="2">gnd</subfield></datafield><datafield tag="689" ind1="0" ind2="0"><subfield code="0">(DE-588)4045977-9</subfield><subfield code="D">s</subfield><subfield code="a">Physikunterricht </subfield></datafield><datafield tag="689" ind1="0" ind2="1"><subfield code="0">(DE-588)4015999-1</subfield><subfield code="D">s</subfield><subfield code="a">Experiment </subfield></datafield><datafield tag="689" ind1="0" ind2="2"><subfield code="0">(DE-588)4148259-1</subfield><subfield code="D">s</subfield><subfield code="a">Computersimulation </subfield></datafield><datafield tag="689" ind1="0" ind2="3"><subfield code="0">(DE-588)4053369-4</subfield><subfield code="D">s</subfield><subfield code="a">Schüler </subfield></datafield><datafield tag="689" ind1="0" ind2="4"><subfield code="0">(DE-588)4145961-1</subfield><subfield code="D">s</subfield><subfield code="a">Blickbewegung</subfield><subfield code="5">DE-101</subfield></datafield><datafield tag="689" ind1="1" ind2="0"><subfield code="0">(DE-588)4045977-9</subfield><subfield code="D">s</subfield><subfield code="a">Physikunterricht </subfield></datafield><datafield tag="689" ind1="1" ind2="1"><subfield code="0">(DE-588)4316613-1</subfield><subfield code="D">s</subfield><subfield code="a">Schülerversuch </subfield></datafield><datafield tag="689" ind1="1" ind2="2"><subfield code="0">(DE-588)4301487-2</subfield><subfield code="D">s</subfield><subfield code="a">Augenfolgebewegung</subfield><subfield code="5">DE-101</subfield></datafield><datafield tag="689" ind1="2" ind2="0"><subfield code="0">(DE-588)4045977-9</subfield><subfield code="D">s</subfield><subfield code="a">Physikunterricht </subfield></datafield><datafield tag="689" ind1="2" ind2="1"><subfield code="0">(DE-588)4015999-1</subfield><subfield code="D">s</subfield><subfield code="a">Experiment </subfield></datafield><datafield tag="689" ind1="2" ind2="2"><subfield code="0">(DE-588)4148259-1</subfield><subfield code="D">s</subfield><subfield code="a">Computersimulation </subfield></datafield><datafield tag="689" ind1="2" ind2="3"><subfield code="0">(DE-588)4053369-4</subfield><subfield code="D">s</subfield><subfield code="a">Schüler </subfield></datafield><datafield tag="689" ind1="2" ind2="4"><subfield code="0">(DE-588)4145961-1</subfield><subfield code="D">s</subfield><subfield code="a">Blickbewegung </subfield></datafield><datafield tag="689" ind1="2" ind2="5"><subfield code="0">(DE-588)4038852-9</subfield><subfield code="D">s</subfield><subfield code="a">Messung</subfield><subfield code="5">DE-101</subfield></datafield><datafield tag="700" ind1="1" ind2=" "><subfield code="0">(DE-Frei129)00417380</subfield><subfield code="a">Voßkühler, Adrian</subfield><subfield code="4">aut</subfield></datafield><datafield tag="830" ind1=" " ind2="0"><subfield code="a">Studien zum Physik- und Chemielernen</subfield><subfield code="v">Bd. 104</subfield><subfield code="w">(DE-Frei129)00269754</subfield><subfield code="9">3104</subfield></datafield><datafield tag="852" ind1=" " ind2=" "><subfield code="a">Frei129</subfield><subfield code="c">Phy C 360: 109</subfield></datafield><datafield tag="856" ind1="4" ind2=" "><subfield code="8">00</subfield><subfield code="u">http://d-nb.info/1006686053/04</subfield><subfield code="y">Inhaltsverzeichnis</subfield></datafield><datafield tag="980" ind1="0" ind2=" "><subfield code="a">00216898</subfield><subfield code="9">(PHFR)</subfield><subfield code="b">UG (33)</subfield><subfield code="c">Phy C 360: 109</subfield><subfield code="d">Standardleihe (01)</subfield><subfield code="e">ausgeliehen (A) - Fälligkeitsdatum: 16.08.2022</subfield></datafield></record>