
<record><leader>03360nam a2200000uu 4500</leader><controlfield tag="001">15007484</controlfield><controlfield tag="003">DE-Frei129</controlfield><controlfield tag="005">20220811084019.0</controlfield><controlfield tag="007">tu</controlfield><controlfield tag="008">131025s2010    ||||||||||||||||||||ger||</controlfield><datafield tag="020" ind1=" " ind2=" "><subfield code="a">9783830808794</subfield><subfield code="9">978-3-8308-0879-4</subfield></datafield><datafield tag="020" ind1=" " ind2=" "><subfield code="a">9783830808800</subfield><subfield code="9">978-3-8308-0880-0</subfield></datafield><datafield tag="024" ind1="8" ind2=" "><subfield code="a">3945</subfield></datafield><datafield tag="035" ind1=" " ind2=" "><subfield code="a">(DE-576)1605777803</subfield></datafield><datafield tag="041" ind1=" " ind2=" "><subfield code="a">ger</subfield></datafield><datafield tag="044" ind1=" " ind2=" "><subfield code="c">XA-DE-NW</subfield></datafield><datafield tag="245" ind1="1" ind2="0"><subfield code="a">aid-Ernährungsführerschein</subfield><subfield code="b">ein Baustein zur Ernährungsbildung in der Grundschule</subfield><subfield code="c">[Hrsg. vom aid infodienst Verbraucherschutz, Ernährung, Landwirtschaft. Text: Ingrid Brüggemann ...]</subfield></datafield><datafield tag="250" ind1=" " ind2=" "><subfield code="a">4. veränd. Neuaufl.</subfield></datafield><datafield tag="260" ind1="3" ind2=" "><subfield code="a">Bonn</subfield><subfield code="b">aid infodienst Verbraucherschutz, Ernährung, Landwirtschaft</subfield><subfield code="c">2010</subfield></datafield><datafield tag="300" ind1=" " ind2=" "><subfield code="b">Ill.</subfield><subfield code="e">Box mit: Lehrerheft (91 S.), Kopiervorlagen (59 S.), 40 Führerscheindokumente, 50 Elternbriefe, 30 Prüfungsbögen, 2 Poster, 1 Heft (29 S.)</subfield></datafield><datafield tag="490" ind1="1" ind2=" "><subfield code="a">AID </subfield><subfield code="v">3945</subfield></datafield><datafield tag="500" ind1=" " ind2=" "><subfield code="a">Poster und Heft u.d.T.: Die aid-Ernährungspyramide</subfield></datafield><datafield tag="500" ind1=" " ind2=" "><subfield code="a">IMD-Felder und 1131 maschinell ergänzt</subfield></datafield><datafield tag="700" ind1="1" ind2=" "><subfield code="0">(DE-Frei129)00097547</subfield><subfield code="a">Brüggemann, Ingrid</subfield><subfield code="4">oth</subfield></datafield><datafield tag="710" ind1="2" ind2=" "><subfield code="0">(DE-Frei129)26046800</subfield><subfield code="0">(DE-588)10036204-7</subfield><subfield code="a">Aid Infodienst Ernährung, Landwirtschaft Verbraucherschutz</subfield><subfield code="4">cre</subfield></datafield><datafield tag="830" ind1=" " ind2="0"><subfield code="a">AID</subfield><subfield code="v">3945</subfield><subfield code="w">(DE-Frei129)00083851</subfield><subfield code="9">43945</subfield></datafield><datafield tag="852" ind1=" " ind2=" "><subfield code="a">Frei 129</subfield><subfield code="b">PHFR</subfield><subfield code="c">ZE 70000 B889 (4)</subfield></datafield><datafield tag="980" ind1="0" ind2=" "><subfield code="a">00359990</subfield><subfield code="9">(PHFR)</subfield><subfield code="b">3.OG (37)</subfield><subfield code="c">ZE 70000 B889 (4)</subfield><subfield code="d">Standardleihe (01)</subfield><subfield code="e">Verfügbar (X)</subfield></datafield></record>