
<record><leader>04937nam a2200000uu 4500</leader><controlfield tag="001">11006820</controlfield><controlfield tag="003">DE-Frei129</controlfield><controlfield tag="005">20220811084019.0</controlfield><controlfield tag="007">tu</controlfield><controlfield tag="008">100206s2010    |||||||||m||||||||||ger||</controlfield><datafield tag="015" ind1=" " ind2=" "><subfield code="a">10,A19</subfield></datafield><datafield tag="016" ind1="7" ind2=" "><subfield code="a">999377361</subfield><subfield code="2">DE-101</subfield></datafield><datafield tag="020" ind1=" " ind2=" "><subfield code="a">9783899242683</subfield><subfield code="9">9783899242683</subfield><subfield code="c">kart. : EUR 29.00</subfield></datafield><datafield tag="024" ind1="3" ind2=" "><subfield code="a">9783899242683</subfield></datafield><datafield tag="035" ind1=" " ind2=" "><subfield code="a">(DE-576)617977879</subfield></datafield><datafield tag="041" ind1=" " ind2=" "><subfield code="a">ger</subfield></datafield><datafield tag="044" ind1=" " ind2=" "><subfield code="c">XA-DE-NW</subfield></datafield><datafield tag="245" ind1="1" ind2="0"><subfield code="a">Bewegungsspuren als zentrales Element der Stimmbildung</subfield><subfield code="b">Kunst und Musik in integrativer Gestaltung</subfield><subfield code="c">Ulrike Tervoort</subfield></datafield><datafield tag="260" ind1="3" ind2=" "><subfield code="a">Essen</subfield><subfield code="b">Verl. Die Blaue Eule</subfield><subfield code="c">2010</subfield></datafield><datafield tag="300" ind1=" " ind2=" "><subfield code="a">221 Seiten</subfield><subfield code="b">Ill., graph. Darst., Notenbeisp.</subfield><subfield code="c">210 mm x 148 mm</subfield><subfield code="e">1 CD-ROM (12 cm)</subfield></datafield><datafield tag="490" ind1="1" ind2=" "><subfield code="a">Musikwissenschaft, Musikpädagogik in der Blauen Eule </subfield><subfield code="v">Bd. 91</subfield></datafield><datafield tag="500" ind1=" " ind2=" "><subfield code="a">Bielefeld</subfield></datafield><datafield tag="500" ind1=" " ind2=" "><subfield code="a">Auf der Begleit-CD sind die Protokolle der Videosequenzen dokumentiert.</subfield></datafield><datafield tag="500" ind1=" " ind2=" "><subfield code="a">IMD-Felder maschinell generiert (GBV)</subfield></datafield><datafield tag="502" ind1=" " ind2=" "><subfield code="a">Zugl.: Bielefeld, Univ., Diss., 2009</subfield></datafield><datafield tag="650" ind1=" " ind2="7"><subfield code="a">Stimmbildung</subfield><subfield code="0">(DE-Frei129)00023254</subfield><subfield code="0">(DE-588)4057583-4</subfield><subfield code="2">gnd</subfield></datafield><datafield tag="650" ind1=" " ind2="7"><subfield code="a">Bewegung</subfield><subfield code="0">(DE-Frei129)00003691</subfield><subfield code="0">(DE-588)4006311-2</subfield><subfield code="2">gnd</subfield></datafield><datafield tag="650" ind1=" " ind2="7"><subfield code="a">Zeichnung</subfield><subfield code="0">(DE-Frei129)00026813</subfield><subfield code="0">(DE-588)4127900-1</subfield><subfield code="2">gnd</subfield></datafield><datafield tag="689" ind1="0" ind2="0"><subfield code="0">(DE-588)4057583-4</subfield><subfield code="D">s</subfield><subfield code="a">Stimmbildung </subfield></datafield><datafield tag="689" ind1="0" ind2="1"><subfield code="0">(DE-588)4006311-2</subfield><subfield code="D">s</subfield><subfield code="a">Bewegung </subfield></datafield><datafield tag="689" ind1="0" ind2="2"><subfield code="0">(DE-588)4127900-1</subfield><subfield code="D">s</subfield><subfield code="a">Zeichnung</subfield><subfield code="5">DE-101</subfield></datafield><datafield tag="700" ind1="1" ind2=" "><subfield code="0">(DE-588)1028925131</subfield><subfield code="0">(DE-Frei129)58051590</subfield><subfield code="a">Tervoort, Ulrike</subfield><subfield code="4">aut</subfield></datafield><datafield tag="830" ind1=" " ind2="0"><subfield code="a">Musikwissenschaft, Musikpädagogik in der Blauen Eule</subfield><subfield code="v">Bd. 91</subfield><subfield code="w">(DE-Frei129)00075308</subfield><subfield code="9">291</subfield></datafield><datafield tag="852" ind1=" " ind2=" "><subfield code="a">Frei 129</subfield><subfield code="b">PHFR</subfield><subfield code="c">LR 56983 T332</subfield></datafield><datafield tag="856" ind1="4" ind2=" "><subfield code="8">00</subfield><subfield code="u">http://d-nb.info/999377361/04</subfield><subfield code="y">Inhaltsverzeichnis</subfield></datafield><datafield tag="856" ind1="4" ind2=" "><subfield code="8">01</subfield><subfield code="u">http://d-nb.info/999377361/04</subfield><subfield code="y">Inhaltsverzeichnis</subfield></datafield><datafield tag="980" ind1="0" ind2=" "><subfield code="a">00212554</subfield><subfield code="9">(PHFR)</subfield><subfield code="b">3.OG (37)</subfield><subfield code="c">LR 56983 T332</subfield><subfield code="d">Standardleihe (01)</subfield><subfield code="e">Verfügbar (X)</subfield></datafield></record>