
<record><leader>02910nam a2200000uu 4500</leader><controlfield tag="001">11005306</controlfield><controlfield tag="003">DE-Frei129</controlfield><controlfield tag="005">20220811084020.0</controlfield><controlfield tag="007">tu</controlfield><controlfield tag="008">110927s2010    ||||||||||||||||||||eng||</controlfield><datafield tag="020" ind1=" " ind2=" "><subfield code="a">0335152759</subfield><subfield code="9">0-335-15275-9</subfield></datafield><datafield tag="020" ind1=" " ind2=" "><subfield code="a">0335152767</subfield><subfield code="9">0-335-15276-7</subfield></datafield><datafield tag="035" ind1=" " ind2=" "><subfield code="a">(DE-576)1612886442</subfield></datafield><datafield tag="041" ind1=" " ind2=" "><subfield code="a">eng</subfield></datafield><datafield tag="100" ind1="1" ind2=" "><subfield code="a">Middleton, Richard</subfield><subfield code="0">(DE-Frei129)11000722</subfield><subfield code="4">aut</subfield></datafield><datafield tag="245" ind1="1" ind2="0"><subfield code="a">Studying popular music</subfield><subfield code="c">Richard Middleton</subfield></datafield><datafield tag="260" ind1="3" ind2=" "><subfield code="a">Milton Keynes [u.a.]</subfield><subfield code="b">Open Univ. Press</subfield><subfield code="c">2010</subfield></datafield><datafield tag="300" ind1=" " ind2=" "><subfield code="a">VII, 328  Seiten</subfield><subfield code="b">graph. Darst., Notenbeisp.</subfield></datafield><datafield tag="500" ind1=" " ind2=" "><subfield code="a">Includes bibliography</subfield></datafield><datafield tag="650" ind1=" " ind2="7"><subfield code="a">Popmusik</subfield><subfield code="0">(DE-Frei129)00019357</subfield><subfield code="0">(DE-588)4046781-8</subfield><subfield code="2">gnd</subfield></datafield><datafield tag="650" ind1=" " ind2="7"><subfield code="a">Volkstümliche Musik</subfield><subfield code="0">(DE-Frei129)00025602</subfield><subfield code="0">(DE-588)4331874-5</subfield><subfield code="2">gnd</subfield></datafield><datafield tag="689" ind1="0" ind2="0"><subfield code="0">(DE-588)4046781-8</subfield><subfield code="D">s</subfield><subfield code="a">Popmusik</subfield><subfield code="5">DE-101</subfield></datafield><datafield tag="689" ind1="1" ind2="0"><subfield code="0">(DE-588)4331874-5</subfield><subfield code="D">s</subfield><subfield code="a">Volkstümliche Musik</subfield><subfield code="5">DE-101</subfield></datafield><datafield tag="852" ind1=" " ind2=" "><subfield code="a">Frei 129</subfield><subfield code="b">PHFR</subfield><subfield code="c">LS 78000 M629</subfield></datafield><datafield tag="980" ind1="0" ind2=" "><subfield code="a">00369867</subfield><subfield code="9">(PHFR)</subfield><subfield code="b">Handbibliothek (50)</subfield><subfield code="c">Mus G 750: 105</subfield><subfield code="d">Handbibliothek - nie verleihbar (54)</subfield><subfield code="e">Verfügbar (X)</subfield></datafield></record>