
<record><leader>04857nam a2200000uu 4500</leader><controlfield tag="001">11005062</controlfield><controlfield tag="003">DE-Frei129</controlfield><controlfield tag="005">20220811084020.0</controlfield><controlfield tag="007">tu</controlfield><controlfield tag="008">110223s2010    ||||||||||||||||||||ger||</controlfield><datafield tag="015" ind1=" " ind2=" "><subfield code="a">11,A08</subfield></datafield><datafield tag="016" ind1="7" ind2=" "><subfield code="a">1009411233</subfield><subfield code="2">DE-101</subfield></datafield><datafield tag="020" ind1=" " ind2=" "><subfield code="a">9783929379259</subfield><subfield code="9">9783929379259</subfield><subfield code="c">kart. : EUR 29.00 (DE)</subfield></datafield><datafield tag="024" ind1="3" ind2=" "><subfield code="a">9783929379259</subfield></datafield><datafield tag="035" ind1=" " ind2=" "><subfield code="a">(DE-576)647278510</subfield></datafield><datafield tag="041" ind1=" " ind2=" "><subfield code="a">ger</subfield></datafield><datafield tag="044" ind1=" " ind2=" "><subfield code="c">XA-DE-HE</subfield></datafield><datafield tag="100" ind1="1" ind2=" "><subfield code="a">Loebenstein, Frieda</subfield><subfield code="0">(DE-Frei129)00120011</subfield><subfield code="0">(DE-588)13925367X</subfield></datafield><datafield tag="245" ind1="1" ind2="0"><subfield code="a">Klavierpädagogik</subfield><subfield code="c">Frieda Loebenstein. Mit einem Vorw. von Ludwig Striegel</subfield></datafield><datafield tag="250" ind1=" " ind2=" "><subfield code="a">Rev. Neuausg. der 2. und 3. Aufl. von 1960 und 1974</subfield></datafield><datafield tag="260" ind1="3" ind2=" "><subfield code="a">Fernwald</subfield><subfield code="b">Musikverl. Muth</subfield><subfield code="c">2010</subfield></datafield><datafield tag="300" ind1=" " ind2=" "><subfield code="a">239 Seiten</subfield><subfield code="b">Notenbeisp.</subfield><subfield code="c">22 cm, 373 g</subfield></datafield><datafield tag="490" ind1="1" ind2=" "><subfield code="a">PianoPädagogik </subfield><subfield code="v">Bd. 4</subfield></datafield><datafield tag="490" ind1="1" ind2=" "><subfield code="a">Grundlegende Beiträge von Frauen für die Klavierpädagogik </subfield><subfield code="v">Bd. 1</subfield></datafield><datafield tag="500" ind1=" " ind2=" "><subfield code="a">Literaturverz. S. 237 - 239</subfield></datafield><datafield tag="500" ind1=" " ind2=" "><subfield code="a">IMD-Felder maschinell generiert (GBV)</subfield></datafield><datafield tag="500" ind1=" " ind2=" "><subfield code="a">Archivierung/Langzeitarchivierung gewährleistet</subfield></datafield><datafield tag="650" ind1=" " ind2="7"><subfield code="a">Klavierunterricht</subfield><subfield code="0">(DE-Frei129)00036507</subfield><subfield code="0">(DE-588)4114218-4</subfield><subfield code="2">gnd</subfield></datafield><datafield tag="650" ind1=" " ind2="7"><subfield code="a">Klavierspiel</subfield><subfield code="0">(DE-Frei129)00013455</subfield><subfield code="0">(DE-588)4030996-4</subfield><subfield code="2">gnd</subfield></datafield><datafield tag="689" ind1="0" ind2="0"><subfield code="0">(DE-588)4114218-4</subfield><subfield code="D">s</subfield><subfield code="a">Klavierunterricht</subfield><subfield code="5">DE-101</subfield></datafield><datafield tag="689" ind1="1" ind2="0"><subfield code="0">(DE-588)4030996-4</subfield><subfield code="D">s</subfield><subfield code="a">Klavierspiel</subfield><subfield code="5">DE-101</subfield></datafield><datafield tag="700" ind1="1" ind2=" "><subfield code="0">(DE-588)11575900X</subfield><subfield code="0">(DE-Frei129)01025613</subfield><subfield code="a">Striegel, Ludwig</subfield><subfield code="4">oth</subfield></datafield><datafield tag="830" ind1=" " ind2="0"><subfield code="a">PianoPädagogik</subfield><subfield code="v">Bd. 4</subfield><subfield code="w">(DE-Frei129)00193950</subfield><subfield code="9">14</subfield></datafield><datafield tag="830" ind1=" " ind2="0"><subfield code="a">Grundlegende Beiträge von Frauen für die Klavierpädagogik</subfield><subfield code="v">Bd. 1</subfield><subfield code="w">(DE-Frei129)11005063</subfield><subfield code="9">11</subfield></datafield><datafield tag="852" ind1=" " ind2=" "><subfield code="a">Frei 129</subfield><subfield code="b">PHFR</subfield><subfield code="c">LR 11750 L825 (N)</subfield></datafield><datafield tag="856" ind1="4" ind2=" "><subfield code="8">00</subfield><subfield code="u">http://d-nb.info/1009411233/04</subfield><subfield code="y">Kurzbeschreibung des Verlags</subfield></datafield><datafield tag="980" ind1="0" ind2=" "><subfield code="a">00218995</subfield><subfield code="9">(PHFR)</subfield><subfield code="b">3.OG (37)</subfield><subfield code="c">LR 11750 L825 (N)</subfield><subfield code="d">Standardleihe (01)</subfield><subfield code="e">Verfügbar (X)</subfield></datafield></record>