
<record><leader>04673nam a2200000uu 4500</leader><controlfield tag="001">09003529</controlfield><controlfield tag="003">DE-Frei129</controlfield><controlfield tag="005">20220811084020.0</controlfield><controlfield tag="007">tu</controlfield><controlfield tag="008">100505s2010    |||||||||m||||||||||ger||</controlfield><datafield tag="015" ind1=" " ind2=" "><subfield code="a">10,A18</subfield></datafield><datafield tag="016" ind1="7" ind2=" "><subfield code="a">100150187X</subfield><subfield code="2">DE-101</subfield></datafield><datafield tag="020" ind1=" " ind2=" "><subfield code="a">9783899676273</subfield><subfield code="9">9783899676273</subfield><subfield code="c">kart. : EUR 30.00</subfield></datafield><datafield tag="024" ind1="3" ind2=" "><subfield code="a">9783899676273</subfield></datafield><datafield tag="035" ind1=" " ind2=" "><subfield code="a">(DE-576)625387481</subfield></datafield><datafield tag="041" ind1=" " ind2=" "><subfield code="a">ger</subfield></datafield><datafield tag="044" ind1=" " ind2=" "><subfield code="c">XA-DE-NW</subfield><subfield code="c">XD-US</subfield><subfield code="c">XA-LV</subfield></datafield><datafield tag="100" ind1="1" ind2=" "><subfield code="a">Brahm, Taiga</subfield><subfield code="0">(DE-Frei129)09001088</subfield><subfield code="0">(DE-588)14108801X</subfield></datafield><datafield tag="245" ind1="1" ind2="0"><subfield code="a">Entwicklung von Teamkompetenz durch computergestütztes kollaboratives Lernen</subfield><subfield code="c">Taiga Brahm</subfield></datafield><datafield tag="246" ind1="1" ind2="0"><subfield code="a">Entwicklung von Teamkompetenz durch computergestützte kollaborative Lernprozesse</subfield></datafield><datafield tag="260" ind1="3" ind2=" "><subfield code="a">Lengerich ; Berlin ; Bremen ; Miami, Fla. ; Riga ; Viernheim ; Wien ; Zagreb</subfield><subfield code="b">Pabst Science Publ.</subfield><subfield code="c">2010</subfield></datafield><datafield tag="300" ind1=" " ind2=" "><subfield code="a">XVI, 339 Seiten</subfield><subfield code="b">graph. Darst</subfield><subfield code="c">21 cm, 478 gr.</subfield></datafield><datafield tag="500" ind1=" " ind2=" "><subfield code="a">Sankt Gallen</subfield></datafield><datafield tag="500" ind1=" " ind2=" "><subfield code="a">IMD-Felder maschinell generiert (GBV)</subfield></datafield><datafield tag="502" ind1=" " ind2=" "><subfield code="a">Zugl.: Sankt Gallen, Univ., Diss., 2009 u.d.T.: Brahms, Taiga: Entwicklung von Teamkompetenz durch computergestützte kollaborative Lernprozesse</subfield></datafield><datafield tag="650" ind1=" " ind2="7"><subfield code="a">Auszubildender</subfield><subfield code="0">(DE-Frei129)00003352</subfield><subfield code="0">(DE-588)4035113-0</subfield><subfield code="2">gnd</subfield></datafield><datafield tag="650" ind1=" " ind2="7"><subfield code="a">Teamfähigkeit</subfield><subfield code="0">(DE-Frei129)00068750</subfield><subfield code="0">(DE-588)4184555-9</subfield><subfield code="2">gnd</subfield></datafield><datafield tag="650" ind1=" " ind2="7"><subfield code="a">Computer Supported Cooperative Work</subfield><subfield code="0">(DE-Frei129)00084187</subfield><subfield code="0">(DE-588)4288972-8</subfield><subfield code="2">gnd</subfield></datafield><datafield tag="689" ind1="0" ind2="0"><subfield code="0">(DE-588)4035113-0</subfield><subfield code="D">s</subfield><subfield code="a">Auszubildender </subfield></datafield><datafield tag="689" ind1="0" ind2="1"><subfield code="0">(DE-588)4184555-9</subfield><subfield code="D">s</subfield><subfield code="a">Teamfähigkeit </subfield></datafield><datafield tag="689" ind1="0" ind2="2"><subfield code="0">(DE-588)4288972-8</subfield><subfield code="D">s</subfield><subfield code="a">Computer Supported Cooperative Work</subfield><subfield code="5">DE-101</subfield></datafield><datafield tag="852" ind1=" " ind2=" "><subfield code="a">Frei129</subfield><subfield code="c">Paed O 240: 81</subfield></datafield><datafield tag="856" ind1="4" ind2=" "><subfield code="8">00</subfield><subfield code="u">http://d-nb.info/100150187X/04</subfield><subfield code="y">Kurzbeschreibung des Verlags</subfield></datafield><datafield tag="856" ind1="4" ind2=" "><subfield code="8">01</subfield><subfield code="u">http://d-nb.info/100150187X/04</subfield><subfield code="y">Verlagsinformation</subfield></datafield><datafield tag="980" ind1="0" ind2=" "><subfield code="a">00212218</subfield><subfield code="9">(PHFR)</subfield><subfield code="b">EG-Anbau (32)</subfield><subfield code="c">Paed O 240: 81</subfield><subfield code="d">Standardleihe (01)</subfield><subfield code="e">Verfügbar (X)</subfield></datafield></record>