
<record><leader>04024nam a2200000uu 4500</leader><controlfield tag="001">09002487</controlfield><controlfield tag="003">DE-Frei129</controlfield><controlfield tag="005">20220811084020.0</controlfield><controlfield tag="007">tu</controlfield><controlfield tag="008">100310s2010    ||||||||||||||||||||ger||</controlfield><datafield tag="015" ind1=" " ind2=" "><subfield code="a">10,N05</subfield></datafield><datafield tag="016" ind1="7" ind2=" "><subfield code="a">999883690</subfield><subfield code="2">DE-101</subfield></datafield><datafield tag="020" ind1=" " ind2=" "><subfield code="a">9783456848594</subfield><subfield code="9">978-3-456-84859-4</subfield><subfield code="c">KART. : ca. EUR 11.95, ca. sfr 19.90 (freier Pr.)</subfield></datafield><datafield tag="024" ind1="3" ind2=" "><subfield code="a">9783456848594</subfield></datafield><datafield tag="035" ind1=" " ind2=" "><subfield code="a">(DE-576)618218505</subfield></datafield><datafield tag="041" ind1=" " ind2=" "><subfield code="a">ger</subfield></datafield><datafield tag="100" ind1="1" ind2=" "><subfield code="a">Schöpf, Josef</subfield><subfield code="0">(DE-Frei129)00908404</subfield><subfield code="0">(DE-588)105147621</subfield></datafield><datafield tag="245" ind1="1" ind2="0"><subfield code="a">Fragebogen zum Selbsttest &quot;Psychische Störungen erkennen&quot;</subfield><subfield code="c">Josef Schöpf</subfield></datafield><datafield tag="250" ind1=" " ind2=" "><subfield code="a">1. Aufl.</subfield></datafield><datafield tag="260" ind1="3" ind2=" "><subfield code="a">Bern</subfield><subfield code="b">Huber</subfield><subfield code="c">2010</subfield></datafield><datafield tag="300" ind1=" " ind2=" "><subfield code="a">67  Seiten</subfield></datafield><datafield tag="650" ind1=" " ind2="7"><subfield code="a">Psychische Störung</subfield><subfield code="0">(DE-Frei129)00002464</subfield><subfield code="0">(DE-588)4047686-8</subfield><subfield code="2">gnd</subfield></datafield><datafield tag="650" ind1=" " ind2="7"><subfield code="a">Diagnose</subfield><subfield code="0">(DE-Frei129)00005909</subfield><subfield code="0">(DE-588)4012040-5</subfield><subfield code="2">gnd</subfield></datafield><datafield tag="650" ind1=" " ind2="7"><subfield code="a">Selbsteinschätzung</subfield><subfield code="0">(DE-Frei129)00032158</subfield><subfield code="0">(DE-588)4131522-4</subfield><subfield code="2">gnd</subfield></datafield><datafield tag="650" ind1=" " ind2="7"><subfield code="a">Fragebogen</subfield><subfield code="0">(DE-Frei129)00024019</subfield><subfield code="0">(DE-588)4128271-1</subfield><subfield code="2">gnd</subfield></datafield><datafield tag="689" ind1="0" ind2="0"><subfield code="0">(DE-588)4047686-8</subfield><subfield code="D">s</subfield><subfield code="a">Psychische Störung </subfield></datafield><datafield tag="689" ind1="0" ind2="1"><subfield code="0">(DE-588)4012040-5</subfield><subfield code="D">s</subfield><subfield code="a">Diagnose </subfield></datafield><datafield tag="689" ind1="0" ind2="2"><subfield code="0">(DE-588)4131522-4</subfield><subfield code="D">s</subfield><subfield code="a">Selbsteinschätzung </subfield></datafield><datafield tag="689" ind1="0" ind2="3"><subfield code="0">(DE-588)4128271-1</subfield><subfield code="D">s</subfield><subfield code="a">Fragebogen</subfield><subfield code="5">DE-101</subfield></datafield><datafield tag="852" ind1=" " ind2=" "><subfield code="a">Frei129</subfield><subfield code="c">Psy K 30: 39</subfield></datafield><datafield tag="856" ind1="4" ind2=" "><subfield code="8">00</subfield><subfield code="u">http://swbplus.bsz-bw.de/bsz320534634inh.htm</subfield><subfield code="y">Inhaltsverzeichnis</subfield></datafield><datafield tag="980" ind1="0" ind2=" "><subfield code="a">00212886</subfield><subfield code="9">(PHFR)</subfield><subfield code="b">EG-Anbau (32)</subfield><subfield code="c">Psy K 30: 39</subfield><subfield code="d">Standardleihe (01)</subfield><subfield code="e">Verfügbar (X)</subfield></datafield></record>