
<record><leader>06279nam a2200000uu 4500</leader><controlfield tag="001">09002245</controlfield><controlfield tag="003">DE-Frei129</controlfield><controlfield tag="005">20220811084020.0</controlfield><controlfield tag="007">tu</controlfield><controlfield tag="008">100818s2010    ||||||||||||||||||||ger||</controlfield><datafield tag="015" ind1=" " ind2=" "><subfield code="a">10,A33</subfield></datafield><datafield tag="016" ind1="7" ind2=" "><subfield code="a">1003700454</subfield><subfield code="2">DE-101</subfield></datafield><datafield tag="020" ind1=" " ind2=" "><subfield code="a">9783039054596</subfield><subfield code="9">9783039054596</subfield><subfield code="c">kart.</subfield></datafield><datafield tag="035" ind1=" " ind2=" "><subfield code="a">(DE-576)633447676</subfield></datafield><datafield tag="041" ind1=" " ind2=" "><subfield code="a">ger</subfield></datafield><datafield tag="044" ind1=" " ind2=" "><subfield code="c">XA-CH</subfield></datafield><datafield tag="245" ind1="1" ind2="0"><subfield code="a">Kompetenzorientiert unterrichten</subfield><subfield code="b">das AVIVA-Modell</subfield><subfield code="c">Christoph Städeli ...</subfield></datafield><datafield tag="250" ind1=" " ind2=" "><subfield code="a">1. Aufl.</subfield></datafield><datafield tag="260" ind1="3" ind2=" "><subfield code="a">Bern</subfield><subfield code="b">hep, Der Bildungsverl.</subfield><subfield code="c">2010</subfield></datafield><datafield tag="300" ind1=" " ind2=" "><subfield code="a">176 Seiten</subfield><subfield code="b">Ill., graph. Darst.</subfield><subfield code="c">27 cm</subfield></datafield><datafield tag="490" ind1="0" ind2=" "><subfield code="a">Praxis</subfield></datafield><datafield tag="500" ind1=" " ind2=" "><subfield code="a">Literaturverz. S. 167 - 170</subfield></datafield><datafield tag="500" ind1=" " ind2=" "><subfield code="a">IMD-Felder maschinell generiert (GBV)</subfield></datafield><datafield tag="650" ind1=" " ind2="7"><subfield code="a">Selbstgesteuertes Lernen</subfield><subfield code="0">(DE-Frei129)00050516</subfield><subfield code="0">(DE-588)4180834-4</subfield><subfield code="2">gnd</subfield></datafield><datafield tag="650" ind1=" " ind2="7"><subfield code="a">Lerntechnik</subfield><subfield code="0">(DE-Frei129)00007797</subfield><subfield code="0">(DE-588)4074168-0</subfield><subfield code="2">gnd</subfield></datafield><datafield tag="650" ind1=" " ind2="7"><subfield code="a">Schulpädagogik</subfield><subfield code="0">(DE-Frei129)00032083</subfield><subfield code="0">(DE-588)4077208-1</subfield><subfield code="2">gnd</subfield></datafield><datafield tag="650" ind1=" " ind2="7"><subfield code="a">Unterricht</subfield><subfield code="0">(DE-Frei129)00001741</subfield><subfield code="0">(DE-588)4062005-0</subfield><subfield code="2">gnd</subfield></datafield><datafield tag="689" ind1="0" ind2="0"><subfield code="0">(DE-588)4180834-4</subfield><subfield code="D">s</subfield><subfield code="a">Selbstgesteuertes Lernen </subfield></datafield><datafield tag="689" ind1="0" ind2="1"><subfield code="0">(DE-588)4074168-0</subfield><subfield code="D">s</subfield><subfield code="a">Lerntechnik </subfield></datafield><datafield tag="689" ind1="0" ind2="2"><subfield code="0">(DE-588)4077208-1</subfield><subfield code="D">s</subfield><subfield code="a">Schulpädagogik</subfield><subfield code="5">DE-101</subfield></datafield><datafield tag="689" ind1="1" ind2="0"><subfield code="0">(DE-588)4074168-0</subfield><subfield code="D">s</subfield><subfield code="a">Lerntechnik </subfield></datafield><datafield tag="689" ind1="1" ind2="1"><subfield code="0">(DE-588)4062005-0</subfield><subfield code="D">s</subfield><subfield code="a">Unterricht</subfield><subfield code="5">DE-101</subfield></datafield><datafield tag="700" ind1="1" ind2=" "><subfield code="0">(DE-588)12464550X</subfield><subfield code="0">(DE-Frei129)00097333</subfield><subfield code="a">Städeli, Christoph</subfield><subfield code="4">oth</subfield></datafield><datafield tag="700" ind1="1" ind2=" "><subfield code="0">(DE-588)124302815</subfield><subfield code="0">(DE-Frei129)00147813</subfield><subfield code="a">Grassi, Andreas</subfield><subfield code="4">oth</subfield></datafield><datafield tag="700" ind1="1" ind2=" "><subfield code="0">(DE-Frei129)01200233</subfield><subfield code="a">Rhiner, Katy</subfield><subfield code="4">oth</subfield></datafield><datafield tag="700" ind1="1" ind2=" "><subfield code="0">(DE-Frei129)01052541</subfield><subfield code="a">Obrist, Willy</subfield><subfield code="4">oth</subfield></datafield><datafield tag="776" ind1="0" ind2="8"><subfield code="a">Christoph Städeli, Andreas Grassi, Willy Obrist, Katy Rhiner</subfield><subfield code="i">Erscheint auch als Online-Ausgabe</subfield><subfield code="t">Kompetenzorientiert unterrichten - Das AVIVA</subfield><subfield code="w">(DE-Frei129)59145207</subfield><subfield code="w">(DE-576)1697238777</subfield></datafield><datafield tag="852" ind1=" " ind2=" "><subfield code="a">Frei129</subfield><subfield code="c">Paed H 540: 196</subfield></datafield><datafield tag="856" ind1="4" ind2=" "><subfield code="8">00</subfield><subfield code="u">http://external.dandelon.com/download/attachments/dandelon/ids/AT001B332A83C9C57B2CFC1257AFA0038AE30.pdf</subfield><subfield code="y">Inhaltsverzeichnis</subfield></datafield><datafield tag="856" ind1="4" ind2=" "><subfield code="8">01</subfield><subfield code="u">https://external.dandelon.com/download/attachments/dandelon/ids/AT001B332A83C9C57B2CFC1257AFA0038AE30.pdf</subfield><subfield code="y">Verlagsinformation</subfield></datafield><datafield tag="856" ind1="4" ind2=" "><subfield code="8">02</subfield><subfield code="u">http://bvbr.bib-bvb.de:8991/F?func=service&amp;doc_library=BVB01&amp;doc_number=020567809&amp;line_number=0001&amp;func_code=DB_RECORDS&amp;service_type=MEDIA</subfield><subfield code="y">Inhaltsverzeichnis</subfield></datafield><datafield tag="980" ind1="0" ind2=" "><subfield code="a">00211460</subfield><subfield code="9">(PHFR)</subfield><subfield code="b">1. OG Semesterapparat (40)</subfield><subfield code="c">Paed H 540: 196</subfield><subfield code="d">Präsenzbestand II (51)</subfield><subfield code="e">Verfügbar (X)</subfield></datafield></record>