
<record><leader>03884nam a2200000uu 4500</leader><controlfield tag="001">07006185</controlfield><controlfield tag="003">DE-Frei129</controlfield><controlfield tag="005">20220811084020.0</controlfield><controlfield tag="007">tu</controlfield><controlfield tag="008">100604s2010    ||||||||||||||||||||ger||</controlfield><datafield tag="015" ind1=" " ind2=" "><subfield code="a">10,A13</subfield></datafield><datafield tag="016" ind1="7" ind2=" "><subfield code="a">998384720</subfield><subfield code="2">DE-101</subfield></datafield><datafield tag="020" ind1=" " ind2=" "><subfield code="a">9783414822345</subfield><subfield code="9">9783414822345</subfield><subfield code="c">Pp. : EUR 12.95 (DE), EUR 13.40 (AT), sfr 22.90 (freier Pr.)</subfield></datafield><datafield tag="024" ind1="3" ind2=" "><subfield code="a">9783414822345</subfield></datafield><datafield tag="035" ind1=" " ind2=" "><subfield code="a">(DE-576)1603336591</subfield></datafield><datafield tag="041" ind1=" " ind2=" "><subfield code="a">ger</subfield></datafield><datafield tag="044" ind1=" " ind2=" "><subfield code="c">XA-DE-NW</subfield></datafield><datafield tag="245" ind1="1" ind2="4"><subfield code="a">Der Wechstabenverbuchsler</subfield><subfield code="c">Mathias Jeschke. Mit Ill. von Karsten Teich</subfield></datafield><datafield tag="260" ind1="3" ind2=" "><subfield code="a">Köln</subfield><subfield code="b">Boje</subfield><subfield code="c">[2010]</subfield></datafield><datafield tag="300" ind1=" " ind2=" "><subfield code="a">[24] Seiten</subfield><subfield code="b">überw. Ill.</subfield><subfield code="c">28 cm</subfield></datafield><datafield tag="500" ind1=" " ind2=" "><subfield code="a">Hier auch später erschienene, unveränderte Nachdrucke</subfield></datafield><datafield tag="520" ind1=" " ind2=" "><subfield code="a">&quot;Schnutenpitzel&quot; gibt es bei Nina und ihrer Mama zum Abendessen am Tag, als sie Herrn Beckermann kennenlernen. Denn seine kleine Macke ist ansteckend: Seit er einmal aus der Drehtür eines Kaufhauses geschleudert wurde, vertauscht er die Buchstaben beim Sprechen. Es ist auch ganz schön anstrengend, ihn zu verstehen (zumindest ohne Bild). So ruft er in der Nacht, als bei ihm eingebrochen wird: &quot;Biede! Biede! Hu Zilfe!&quot;. Doch Nina und ihre Mama verstehen ihn gut und mögen ihn so sehr, dass Mama ihn sogar heiratet. Und Nina entdeckt eines Tages, wie man es anstellt, dass Herr &quot;Mackerbenn&quot; richtig spricht: Als er an der Turnstange auf dem Kopf baumelt, ist plötzlich alles in Ordnung. Der köstliche Sprach-Spiel-Spass von M. Jeschke (vgl. &quot;Flaschenpost&quot;) mit den fantasievollen Farbillustrationen von K. Teich vermittelt Kindern ab 5 ein Gefühl für Sprache. Witzig: Jeschke/Teich stellen sich als Wechstabenverbuchsler vor. Ihr Dank an Jandl, Ringelnatz, Morgenstern und Heinz Erhardt passt zum karikaturistischen Strich und Schwung des Buches. Gern empfohlen. Ab 5</subfield></datafield><datafield tag="700" ind1="1" ind2=" "><subfield code="0">(DE-588)120780291</subfield><subfield code="0">(DE-Frei129)00459124</subfield><subfield code="a">Jeschke, Mathias</subfield><subfield code="4">oth</subfield></datafield><datafield tag="700" ind1="1" ind2=" "><subfield code="0">(DE-588)128374926</subfield><subfield code="0">(DE-Frei129)00526241</subfield><subfield code="a">Teich, Karsten</subfield><subfield code="4">oth</subfield></datafield><datafield tag="852" ind1=" " ind2=" "><subfield code="a">Frei 129</subfield><subfield code="b">PHFR</subfield><subfield code="c">ED 5540 J58</subfield></datafield><datafield tag="980" ind1="0" ind2=" "><subfield code="a">00418251</subfield><subfield code="9">(PHFR)</subfield><subfield code="b">2.OG (35)</subfield><subfield code="c">ED 5540 J58</subfield><subfield code="d">Standardleihe (01)</subfield><subfield code="e">Verfügbar (X)</subfield></datafield></record>