
<record><leader>04784nam a2200000uu 4500</leader><controlfield tag="001">07002541</controlfield><controlfield tag="003">DE-Frei129</controlfield><controlfield tag="005">20220811084020.0</controlfield><controlfield tag="007">tu</controlfield><controlfield tag="008">100623s2010    ||||||||||||||||||||ger||</controlfield><datafield tag="015" ind1=" " ind2=" "><subfield code="a">10,A25</subfield></datafield><datafield tag="016" ind1="7" ind2=" "><subfield code="a">1002644488</subfield><subfield code="2">DE-101</subfield></datafield><datafield tag="020" ind1=" " ind2=" "><subfield code="a">9783403034018</subfield><subfield code="9">9783403034018</subfield><subfield code="c">kart. : EUR 16.50</subfield></datafield><datafield tag="035" ind1=" " ind2=" "><subfield code="a">(DE-576)629941955</subfield></datafield><datafield tag="041" ind1=" " ind2=" "><subfield code="a">ger</subfield></datafield><datafield tag="044" ind1=" " ind2=" "><subfield code="c">XA-DE</subfield></datafield><datafield tag="100" ind1="1" ind2=" "><subfield code="a">Klein, Irene</subfield><subfield code="0">(DE-Frei129)58037244</subfield><subfield code="0">(DE-588)108399931</subfield></datafield><datafield tag="245" ind1="1" ind2="0"><subfield code="a">Gruppenleiten ohne Angst</subfield><subfield code="b">ein Handbuch für Gruppenleiter</subfield><subfield code="c">Irene Klein</subfield></datafield><datafield tag="250" ind1=" " ind2=" "><subfield code="a">11., unveränd. Aufl.</subfield></datafield><datafield tag="260" ind1="3" ind2=" "><subfield code="a">Donauwörth</subfield><subfield code="b">Auer</subfield><subfield code="c">2010</subfield></datafield><datafield tag="300" ind1=" " ind2=" "><subfield code="a">222 Seiten</subfield><subfield code="b">graph. Darst</subfield><subfield code="c">21 cm</subfield></datafield><datafield tag="500" ind1=" " ind2=" "><subfield code="a">Literaturangaben</subfield></datafield><datafield tag="500" ind1=" " ind2=" "><subfield code="a">IMD-Felder maschinell generiert (GBV)</subfield></datafield><datafield tag="520" ind1=" " ind2=" "><subfield code="a">Gruppenleitern, für die Gruppenleitung eine Aufgabe von vielen ist und die keine einschlägige Ausbildung haben, nimmt dieses Buch die Angst vor Gruppen. Sie werden mit dem Gruppenprozess und den grundlegenden Leiter-Haltungen vertraut gemacht. Das Buch ist eine Einführung in Haltung und Methode der Themenzentrierten Interaktion</subfield></datafield><datafield tag="650" ind1=" " ind2="7"><subfield code="a">Themenzentrierte Interaktion</subfield><subfield code="0">(DE-Frei129)00032798</subfield><subfield code="0">(DE-588)4078239-6</subfield><subfield code="2">gnd</subfield></datafield><datafield tag="650" ind1=" " ind2="7"><subfield code="a">Gruppenleiter</subfield><subfield code="0">(DE-Frei129)00058787</subfield><subfield code="0">(DE-588)4158460-0</subfield><subfield code="2">gnd</subfield></datafield><datafield tag="650" ind1=" " ind2="7"><subfield code="a">Gruppenarbeit</subfield><subfield code="0">(DE-Frei129)00002655</subfield><subfield code="0">(DE-588)4022389-9</subfield><subfield code="2">gnd</subfield></datafield><datafield tag="689" ind1="0" ind2="0"><subfield code="0">(DE-588)4078239-6</subfield><subfield code="D">s</subfield><subfield code="a">Themenzentrierte Interaktion </subfield></datafield><datafield tag="689" ind1="0" ind2="1"><subfield code="0">(DE-588)4158460-0</subfield><subfield code="D">s</subfield><subfield code="a">Gruppenleiter </subfield></datafield><datafield tag="689" ind1="0" ind2="2"><subfield code="0">(DE-588)4022389-9</subfield><subfield code="D">s</subfield><subfield code="a">Gruppenarbeit</subfield><subfield code="5">DE-101</subfield></datafield><datafield tag="787" ind1="0" ind2="8"><subfield code="a">Irene Klein</subfield><subfield code="i">Ab 12. Aufl. u.d.T.</subfield><subfield code="t">Gruppen leiten ohne Angst</subfield><subfield code="w">(DE-Frei129)03016532</subfield></datafield><datafield tag="852" ind1=" " ind2=" "><subfield code="a">Frei129</subfield><subfield code="c">Paed H 760: 55 c</subfield></datafield><datafield tag="856" ind1="4" ind2=" "><subfield code="8">00</subfield><subfield code="u">http://d-nb.info/1002644488/04</subfield><subfield code="y">Kurzbeschreibung des Verlags</subfield></datafield><datafield tag="856" ind1="4" ind2=" "><subfield code="8">01</subfield><subfield code="u">http://d-nb.info/1002644488/04</subfield><subfield code="y">Verlagsinformation</subfield></datafield><datafield tag="980" ind1="0" ind2=" "><subfield code="a">00211912</subfield><subfield code="9">(PHFR)</subfield><subfield code="b">EG-Anbau (32)</subfield><subfield code="c">Paed H 760: 55 c</subfield><subfield code="d">Standardleihe (01)</subfield><subfield code="e">Verfügbar (X)</subfield></datafield></record>