
<record><leader>05121nam a2200000uuc4500</leader><controlfield tag="001">07001598</controlfield><controlfield tag="003">DE-Frei129</controlfield><controlfield tag="005">20220811084020.0</controlfield><controlfield tag="007">tu</controlfield><controlfield tag="008">100617s2010    ||||||||||||||||||||ger||</controlfield><datafield tag="015" ind1=" " ind2=" "><subfield code="a">10,A13</subfield></datafield><datafield tag="016" ind1="7" ind2=" "><subfield code="a">1000840697</subfield><subfield code="2">DE-101</subfield></datafield><datafield tag="020" ind1=" " ind2=" "><subfield code="a">9783868920338</subfield><subfield code="9">978-3-86892-033-8</subfield><subfield code="c">kart. : EUR 16.90</subfield></datafield><datafield tag="024" ind1="3" ind2=" "><subfield code="a">9783868920338</subfield></datafield><datafield tag="035" ind1=" " ind2=" "><subfield code="a">(DE-576)1394414862</subfield></datafield><datafield tag="041" ind1=" " ind2=" "><subfield code="a">ger</subfield></datafield><datafield tag="044" ind1=" " ind2=" "><subfield code="c">XA-DE-TH</subfield></datafield><datafield tag="245" ind1="1" ind2="0"><subfield code="a">Gemeinsamer Orientierungsrahmen für die Bildung in Kindertagesbetreuung und Grundschule</subfield><subfield code="b">zwei Bildungseinrichtugen in gemeinsamer Bildungsverantwertung beim Übergang vom Elementarbereich in den Primarbereich</subfield><subfield code="n">Buch</subfield><subfield code="c">Ministerium für Bildung, Jugend und Sport des Landes Brandenburg. [TransKiGs]. [Fachliche Bearb. und Gesamtred.: Katrin Liebers ...]</subfield></datafield><datafield tag="250" ind1=" " ind2=" "><subfield code="a">2., vollständig überarb. und erw. Aufl.</subfield></datafield><datafield tag="260" ind1="3" ind2=" "><subfield code="a">Weimar ; Berlin</subfield><subfield code="b">Verl. Das Netz</subfield><subfield code="c">2010</subfield></datafield><datafield tag="300" ind1=" " ind2=" "><subfield code="a">107  Seiten</subfield><subfield code="b">Ill., graph. Darst.</subfield></datafield><datafield tag="500" ind1=" " ind2=" "><subfield code="a">Literaturangaben</subfield></datafield><datafield tag="650" ind1=" " ind2="7"><subfield code="a">Kindertagesstätte</subfield><subfield code="0">(DE-Frei129)00011424</subfield><subfield code="0">(DE-588)4030638-0</subfield><subfield code="2">gnd</subfield></datafield><datafield tag="650" ind1=" " ind2="7"><subfield code="a">Kooperation</subfield><subfield code="0">(DE-Frei129)00011825</subfield><subfield code="0">(DE-588)4032386-9</subfield><subfield code="2">gnd</subfield></datafield><datafield tag="650" ind1=" " ind2="7"><subfield code="a">Grundschule</subfield><subfield code="0">(DE-Frei129)00010240</subfield><subfield code="0">(DE-588)4022349-8</subfield><subfield code="2">gnd</subfield></datafield><datafield tag="651" ind1=" " ind2="7"><subfield code="a">Brandenburg</subfield><subfield code="0">(DE-Frei129)00004321</subfield><subfield code="0">(DE-588)4007955-7</subfield><subfield code="2">gnd</subfield></datafield><datafield tag="655" ind1=" " ind2="7"><subfield code="a">Aufsatzsammlung</subfield><subfield code="0">(DE-Frei129)00000042</subfield><subfield code="2">local</subfield></datafield><datafield tag="689" ind1="0" ind2="0"><subfield code="0">(DE-588)4007955-7</subfield><subfield code="D">g</subfield><subfield code="a">Brandenburg </subfield></datafield><datafield tag="689" ind1="0" ind2="1"><subfield code="0">(DE-588)4030638-0</subfield><subfield code="D">s</subfield><subfield code="a">Kindertagesstätte </subfield></datafield><datafield tag="689" ind1="0" ind2="2"><subfield code="0">(DE-588)4032386-9</subfield><subfield code="D">s</subfield><subfield code="a">Kooperation </subfield></datafield><datafield tag="689" ind1="0" ind2="3"><subfield code="0">(DE-588)4022349-8</subfield><subfield code="D">s</subfield><subfield code="a">Grundschule </subfield></datafield><datafield tag="689" ind1="0" ind2="4"><subfield code="A">s</subfield><subfield code="a">Aufsatzsammlung</subfield><subfield code="5">DE-101</subfield></datafield><datafield tag="773" ind1="0" ind2="8"><subfield code="w">(DE-Frei129)03017925</subfield><subfield code="q">BUCH12</subfield></datafield><datafield tag="852" ind1=" " ind2=" "><subfield code="a">Frei 129</subfield><subfield code="b">PHFR</subfield><subfield code="c">Paed K 730: 124</subfield></datafield><datafield tag="856" ind1="4" ind2=" "><subfield code="8">00</subfield><subfield code="u">http://deposit.d-nb.de/cgi-bin/dokserv?id=3441303&amp;prov=M&amp;dok_var=1&amp;dok_ext=htm</subfield><subfield code="y">Inhaltstext</subfield></datafield><datafield tag="856" ind1="4" ind2=" "><subfield code="8">01</subfield><subfield code="u">http://d-nb.info/1000840697/04</subfield><subfield code="y">Inhaltsverzeichnis</subfield></datafield><datafield tag="980" ind1="0" ind2=" "><subfield code="a">00204893</subfield><subfield code="9">(PHFR)</subfield><subfield code="b">EG-Anbau (32)</subfield><subfield code="c">Paed K 730: 124</subfield><subfield code="d">Standardleihe (01)</subfield><subfield code="e">Verfügbar (X)</subfield></datafield></record>