
<record><leader>10565nam a2200000uu 4500</leader><controlfield tag="001">07000904</controlfield><controlfield tag="003">DE-Frei129</controlfield><controlfield tag="005">20220811084020.0</controlfield><controlfield tag="007">tu</controlfield><controlfield tag="008">100419s2010    ||||||||||||||||||||ger||</controlfield><datafield tag="016" ind1="7" ind2=" "><subfield code="a">984319883</subfield><subfield code="2">DE-101</subfield></datafield><datafield tag="020" ind1=" " ind2=" "><subfield code="a">3423030275</subfield><subfield code="9">3423030275</subfield><subfield code="c">Pb. : EUR 12.00, EUR 12.40 (AT)</subfield></datafield><datafield tag="020" ind1=" " ind2=" "><subfield code="a">9783423030274</subfield><subfield code="9">9783423030274</subfield><subfield code="c">: Pb. : EUR 12.00, EUR 12.40 (AT)</subfield></datafield><datafield tag="035" ind1=" " ind2=" "><subfield code="a">(DE-576)623909332</subfield></datafield><datafield tag="041" ind1=" " ind2=" "><subfield code="a">ger</subfield></datafield><datafield tag="044" ind1=" " ind2=" "><subfield code="c">XA-DE-BY</subfield></datafield><datafield tag="100" ind1="1" ind2=" "><subfield code="a">Vierecke, Andreas</subfield><subfield code="0">(DE-Frei129)07000024</subfield><subfield code="0">(DE-588)141032456</subfield></datafield><datafield tag="245" ind1="1" ind2="0"><subfield code="a">dtv-Atlas Politik</subfield><subfield code="b">[politische Theorie, politische Systeme, internationale Beziehungen]</subfield><subfield code="c">Andreas Vierecke; Bernd Mayerhofer; Franz Kohout. Graf. Gestaltung der Abb. Werner Wildermuth</subfield></datafield><datafield tag="250" ind1=" " ind2=" "><subfield code="a">Orig.-Ausg., 1.Aufl., [Sonderausg.] ZpB, Zentralen für politische Bildung</subfield></datafield><datafield tag="260" ind1="3" ind2=" "><subfield code="a">München</subfield><subfield code="b">Dt. Taschenbuch-Verl.</subfield><subfield code="c">2010</subfield></datafield><datafield tag="300" ind1=" " ind2=" "><subfield code="a">256 Seiten</subfield><subfield code="b">Ill., graph. Darst., Kt.</subfield><subfield code="c">19 cm</subfield></datafield><datafield tag="490" ind1="0" ind2=" "><subfield code="a">dtv </subfield><subfield code="v">3027</subfield></datafield><datafield tag="500" ind1=" " ind2=" "><subfield code="a">Literatur- und URL-Verz. S. [244] - 246</subfield></datafield><datafield tag="500" ind1=" " ind2=" "><subfield code="a">IMD-Felder maschinell generiert (GBV)</subfield></datafield><datafield tag="500" ind1=" " ind2=" "><subfield code="a">Standing Order Gesellschaft,Politik klein; Standing Order 1000 Sachliteratur</subfield></datafield><datafield tag="520" ind1=" " ind2=" "><subfield code="a">Rezension: Das Taschenbuch gliedert sich in die 3 Bereiche Politische Theorie, Politische Systeme und Internationale Beziehungen, erschließt den gesamten Themenkomplex &quot;Politik&quot; also systematisch. Trotz der Themenfülle und dem daraus resultierenden Zwang zur knappen Darstellung neigen die Autoren dennoch nicht zur abstrakten Überhöhung. Die zahlreichen Grafiken, Zusammenfassungen und Hervorhebungen unterstützen den Leser bei der Aneignung der komplexen Inhalte. Beachtung verdient, dass aktuelle Entwicklungen und Forschungsergebnisse einfließen. Dennoch insgesamt weniger zur Erstorientierung geeignet, sinnvoll aber zum gezielten Nachschlagen (via Register) oder zur Prüfungsvorbereitung bzw. Wiederholung des Stoffes. Einsetzbar in der gymnasialen Oberstufe, in der Erwachsenenbildung (VHS) sowie im Umfeld von Hochschulen mit einschlägigen Studiengängen (Politik, Verwaltung, Geschichte, Philosophie), ergänzend zu klassischen Nachschlagewerken wie &quot;Lexikon Politikwissenschaft&quot; (BA 5/10; EUR 9.90), &quot;Brockhaus Politik&quot; (BA 5/08; EUR 34.95) oder R. Weber-Fas: &quot;Lexikon Politik&quot; (ID 28/08; EUR 22.90). (1 A,S) (Michael Reisser)</subfield></datafield><datafield tag="520" ind1=" " ind2=" "><subfield code="a">Das Taschenbuch gliedert sich in die 3 Bereiche Politische Theorie, Politische Systeme und Internationale Beziehungen, erschliesst den gesamten Themenkomplex &quot;Politik&quot; also systematisch. Trotz der Themenfülle und dem daraus resultierenden Zwang zur knappen Darstellung neigen die Autoren dennoch nicht zur abstrakten Überhöhung. Die zahlreichen Grafiken, Zusammenfassungen und Hervorhebungen unterstützen den Leser bei der Aneignung der komplexen Inhalte. Beachtung verdient, dass aktuelle Entwicklungen und Forschungsergebnisse einfliessen. Dennoch insgesamt weniger zur Erstorientierung geeignet, sinnvoll aber zum gezielten Nachschlagen (via Register) oder zur Prüfungsvorbereitung bzw. Wiederholung des Stoffes. Einsetzbar in der gymnasialen Oberstufe, in der Erwachsenenbildung (VHS) sowie im Umfeld von Hochschulen mit einschlägigen Studiengängen (Politik, Verwaltung, Geschichte, Philosophie), ergänzend zu klassischen Nachschlagewerken wie &quot;Lexikon Politikwissenschaft&quot; (BA 5/10; EUR 9.90), &quot;Brockhaus Politik&quot; (BA 5/08; EUR 34.95) oder R. Weber-Fas: &quot;Lexikon Politik&quot; (ID 28/08; EUR 22.90). (1 A,S)</subfield></datafield><datafield tag="650" ind1=" " ind2="7"><subfield code="a">Politik</subfield><subfield code="0">(DE-Frei129)00002408</subfield><subfield code="0">(DE-588)4046514-7</subfield><subfield code="2">gnd</subfield></datafield><datafield tag="650" ind1=" " ind2="7"><subfield code="a">Politik</subfield><subfield code="0">(DE-Frei129)00002408</subfield><subfield code="0">(DE-588)4046514-7</subfield><subfield code="2">gnd</subfield></datafield><datafield tag="650" ind1=" " ind2="7"><subfield code="a">Politische Theorie</subfield><subfield code="0">(DE-Frei129)00019281</subfield><subfield code="0">(DE-588)4046563-9</subfield><subfield code="2">gnd</subfield></datafield><datafield tag="650" ind1=" " ind2="7"><subfield code="a">Politische Philosophie</subfield><subfield code="0">(DE-Frei129)00019282</subfield><subfield code="0">(DE-588)4076226-9</subfield><subfield code="2">gnd</subfield></datafield><datafield tag="650" ind1=" " ind2="7"><subfield code="a">Internationale Politik</subfield><subfield code="0">(DE-Frei129)00002406</subfield><subfield code="0">(DE-588)4072885-7</subfield><subfield code="2">gnd</subfield></datafield><datafield tag="650" ind1=" " ind2="7"><subfield code="a">Theorie</subfield><subfield code="0">(DE-Frei129)00019483</subfield><subfield code="0">(DE-588)4059787-8</subfield><subfield code="2">gnd</subfield></datafield><datafield tag="650" ind1=" " ind2="7"><subfield code="a">Politisches System</subfield><subfield code="0">(DE-Frei129)00018585</subfield><subfield code="0">(DE-588)4046584-6</subfield><subfield code="2">gnd</subfield></datafield><datafield tag="650" ind1=" " ind2="7"><subfield code="a">Geschichte</subfield><subfield code="0">(DE-Frei129)00009489</subfield><subfield code="0">(DE-588)4020517-4</subfield><subfield code="2">gnd</subfield></datafield><datafield tag="650" ind1=" " ind2="7"><subfield code="a">Beispiel</subfield><subfield code="0">(DE-Frei129)00053852</subfield><subfield code="0">(DE-588)4144383-4</subfield><subfield code="2">gnd</subfield></datafield><datafield tag="651" ind1=" " ind2="7"><subfield code="a">Erde</subfield><subfield code="0">(DE-Frei129)02452080</subfield><subfield code="0">(DE-588)1135962553</subfield><subfield code="2">gnd</subfield></datafield><datafield tag="689" ind1="0" ind2="0"><subfield code="0">(DE-588)4046514-7</subfield><subfield code="D">s</subfield><subfield code="a">Politik</subfield><subfield code="5">DE-101</subfield></datafield><datafield tag="689" ind1="1" ind2="0"><subfield code="0">(DE-588)1135962553</subfield><subfield code="D">g</subfield><subfield code="a">Erde </subfield></datafield><datafield tag="689" ind1="1" ind2="1"><subfield code="0">(DE-588)4046563-9</subfield><subfield code="D">s</subfield><subfield code="a">Politische Theorie </subfield></datafield><datafield tag="689" ind1="1" ind2="2"><subfield code="0">(DE-588)4076226-9</subfield><subfield code="D">s</subfield><subfield code="a">Politische Philosophie </subfield></datafield><datafield tag="689" ind1="1" ind2="3"><subfield code="0">(DE-588)4072885-7</subfield><subfield code="D">s</subfield><subfield code="a">Internationale Politik </subfield></datafield><datafield tag="689" ind1="1" ind2="4"><subfield code="0">(DE-588)4059787-8</subfield><subfield code="D">s</subfield><subfield code="a">Theorie </subfield></datafield><datafield tag="689" ind1="1" ind2="5"><subfield code="0">(DE-588)4046584-6</subfield><subfield code="D">s</subfield><subfield code="a">Politisches System </subfield></datafield><datafield tag="689" ind1="1" ind2="6"><subfield code="0">(DE-588)4020517-4</subfield><subfield code="D">s</subfield><subfield code="a">Geschichte </subfield></datafield><datafield tag="689" ind1="1" ind2="7"><subfield code="0">(DE-588)4144383-4</subfield><subfield code="D">s</subfield><subfield code="a">Beispiel</subfield><subfield code="5">DE-101</subfield></datafield><datafield tag="700" ind1="1" ind2=" "><subfield code="0">(DE-588)142004898</subfield><subfield code="0">(DE-Frei129)07000025</subfield><subfield code="a">Mayerhofer, Bernd</subfield><subfield code="4">aut</subfield></datafield><datafield tag="700" ind1="1" ind2=" "><subfield code="0">(DE-588)141164727</subfield><subfield code="0">(DE-Frei129)00244731</subfield><subfield code="a">Kohout, Franz</subfield><subfield code="4">aut</subfield></datafield><datafield tag="700" ind1="1" ind2=" "><subfield code="0">(DE-588)141178914</subfield><subfield code="0">(DE-Frei129)01201867</subfield><subfield code="a">Wildermuth, Werner</subfield><subfield code="4">oth</subfield></datafield><datafield tag="852" ind1=" " ind2=" "><subfield code="a">Frei 129</subfield><subfield code="b">PHFR</subfield><subfield code="c">MB 1600 V665 (S)</subfield></datafield><datafield tag="856" ind1="4" ind2=" "><subfield code="8">00</subfield><subfield code="u">http://www.gbv.de/dms/sub-hamburg/623909332.pdf</subfield><subfield code="y">Inhaltsverzeichnis</subfield></datafield><datafield tag="856" ind1="4" ind2=" "><subfield code="8">01</subfield><subfield code="u">http://d-nb.info/984319883/04</subfield><subfield code="y">Verlagsinformation</subfield></datafield><datafield tag="980" ind1="0" ind2=" "><subfield code="a">00210692</subfield><subfield code="9">(PHFR)</subfield><subfield code="b">UG (33)</subfield><subfield code="c">Pol A 2: 33</subfield><subfield code="d">Präsenzbestand II (51)</subfield><subfield code="e">Verfügbar (X)</subfield></datafield></record>