
<record><leader>05274nam a2200000uu 4500</leader><controlfield tag="001">05006448</controlfield><controlfield tag="003">DE-Frei129</controlfield><controlfield tag="005">20220811084020.0</controlfield><controlfield tag="007">tu</controlfield><controlfield tag="008">101124s2010    ||||||||||||||||||||ger||</controlfield><datafield tag="015" ind1=" " ind2=" "><subfield code="a">10,N47</subfield></datafield><datafield tag="016" ind1="7" ind2=" "><subfield code="a">1008347841</subfield><subfield code="2">DE-101</subfield></datafield><datafield tag="020" ind1=" " ind2=" "><subfield code="a">9783868920352</subfield><subfield code="9">9783868920352</subfield><subfield code="c">kart. : EUR 26.90 (DE)</subfield></datafield><datafield tag="024" ind1="3" ind2=" "><subfield code="a">9783868920352</subfield></datafield><datafield tag="035" ind1=" " ind2=" "><subfield code="a">(DE-576)640512119</subfield></datafield><datafield tag="041" ind1=" " ind2=" "><subfield code="a">ger</subfield></datafield><datafield tag="044" ind1=" " ind2=" "><subfield code="c">XA-DE-TH</subfield></datafield><datafield tag="100" ind1="1" ind2=" "><subfield code="a">Österreicher, Herbert</subfield><subfield code="0">(DE-Frei129)00154270</subfield><subfield code="0">(DE-588)123788307</subfield></datafield><datafield tag="245" ind1="1" ind2="0"><subfield code="a">Gärten für Kleinkinder</subfield><subfield code="c">Herbert Österreicher; Edeltraud Prokop</subfield></datafield><datafield tag="250" ind1=" " ind2=" "><subfield code="a">1., Auflage</subfield></datafield><datafield tag="260" ind1="3" ind2=" "><subfield code="a">Weimar [u.a.]</subfield><subfield code="b">Verl. Das Netz</subfield><subfield code="c">2010</subfield></datafield><datafield tag="300" ind1=" " ind2=" "><subfield code="a">223 Seiten</subfield><subfield code="b">zahlr. Ill</subfield><subfield code="c">20 x 21 cm</subfield></datafield><datafield tag="500" ind1=" " ind2=" "><subfield code="a">Literaturangaben</subfield></datafield><datafield tag="500" ind1=" " ind2=" "><subfield code="a">IMD-Felder maschinell generiert (GBV)</subfield></datafield><datafield tag="650" ind1=" " ind2="7"><subfield code="a">Kindertagesstätte</subfield><subfield code="0">(DE-Frei129)00011424</subfield><subfield code="0">(DE-588)4030638-0</subfield><subfield code="2">gnd</subfield></datafield><datafield tag="650" ind1=" " ind2="7"><subfield code="a">Kleinkind</subfield><subfield code="0">(DE-Frei129)00013490</subfield><subfield code="0">(DE-588)4031081-4</subfield><subfield code="2">gnd</subfield></datafield><datafield tag="650" ind1=" " ind2="7"><subfield code="a">Naturerlebnis</subfield><subfield code="0">(DE-Frei129)00091283</subfield><subfield code="0">(DE-588)4325735-5</subfield><subfield code="2">gnd</subfield></datafield><datafield tag="650" ind1=" " ind2="7"><subfield code="a">Gartengestaltung</subfield><subfield code="0">(DE-Frei129)00008930</subfield><subfield code="0">(DE-588)4019311-1</subfield><subfield code="2">gnd</subfield></datafield><datafield tag="650" ind1=" " ind2="7"><subfield code="a">Paperback</subfield><subfield code="x">softback</subfield><subfield code="0">(DE-Frei129)02516355</subfield><subfield code="2">local</subfield></datafield><datafield tag="689" ind1="0" ind2="0"><subfield code="0">(DE-588)4030638-0</subfield><subfield code="D">s</subfield><subfield code="a">Kindertagesstätte </subfield></datafield><datafield tag="689" ind1="0" ind2="1"><subfield code="0">(DE-588)4031081-4</subfield><subfield code="D">s</subfield><subfield code="a">Kleinkind </subfield></datafield><datafield tag="689" ind1="0" ind2="2"><subfield code="0">(DE-588)4325735-5</subfield><subfield code="D">s</subfield><subfield code="a">Naturerlebnis </subfield></datafield><datafield tag="689" ind1="0" ind2="3"><subfield code="0">(DE-588)4019311-1</subfield><subfield code="D">s</subfield><subfield code="a">Gartengestaltung</subfield><subfield code="5">DE-101</subfield></datafield><datafield tag="689" ind1="1" ind2="0"><subfield code="A">s</subfield><subfield code="a">Paperback / softback</subfield><subfield code="5">DE-101</subfield></datafield><datafield tag="700" ind1="1" ind2=" "><subfield code="0">(DE-588)131625985</subfield><subfield code="0">(DE-Frei129)58082103</subfield><subfield code="a">Prokop, Edeltraud</subfield><subfield code="4">aut</subfield></datafield><datafield tag="852" ind1=" " ind2=" "><subfield code="a">Frei129</subfield><subfield code="c">Bio F 700: 42</subfield></datafield><datafield tag="856" ind1="4" ind2=" "><subfield code="8">00</subfield><subfield code="u">http://d-nb.info/1008347841/04</subfield><subfield code="y">Kurzbeschreibung des Verlags</subfield></datafield><datafield tag="856" ind1="4" ind2=" "><subfield code="8">01</subfield><subfield code="u">http://deposit.d-nb.de/cgi-bin/dokserv?id=3565283&amp;prov=M&amp;dok_var=1&amp;dok_ext=htm</subfield><subfield code="y">Verlagsinformation</subfield></datafield><datafield tag="980" ind1="0" ind2=" "><subfield code="a">00219921</subfield><subfield code="9">(PHFR)</subfield><subfield code="b">UG (33)</subfield><subfield code="c">Bio F 700: 42</subfield><subfield code="d">Standardleihe (01)</subfield><subfield code="e">ausgeliehen (A) - Fälligkeitsdatum: 22.08.2022</subfield></datafield></record>