
<record><leader>03042nam a2200000uu 4500</leader><controlfield tag="001">04020132</controlfield><controlfield tag="003">DE-Frei129</controlfield><controlfield tag="005">20220811084020.0</controlfield><controlfield tag="007">tu</controlfield><controlfield tag="008">100928s2010    ||||||||||||||||||||ger||</controlfield><datafield tag="015" ind1=" " ind2=" "><subfield code="a">10,A33</subfield></datafield><datafield tag="016" ind1="7" ind2=" "><subfield code="a">999217976</subfield><subfield code="2">DE-101</subfield></datafield><datafield tag="020" ind1=" " ind2=" "><subfield code="a">9783468133022</subfield><subfield code="9">9783468133022</subfield><subfield code="c">flexibler Kunstoffeinband : EUR 18.95 (DE), EUR 19.50 (AT), sfr 33.90 (freier Pr.)</subfield></datafield><datafield tag="024" ind1="3" ind2=" "><subfield code="a">9783468133022</subfield></datafield><datafield tag="035" ind1=" " ind2=" "><subfield code="a">(DE-576)1604737417</subfield></datafield><datafield tag="041" ind1=" " ind2=" "><subfield code="a">ger</subfield><subfield code="a">fre</subfield></datafield><datafield tag="044" ind1=" " ind2=" "><subfield code="c">XA-DE-BE</subfield><subfield code="c">XA-AT</subfield><subfield code="c">XA-CH</subfield></datafield><datafield tag="100" ind1="1" ind2=" "><subfield code="a">Epple, Barbara</subfield><subfield code="0">(DE-Frei129)00118967</subfield><subfield code="4">aut</subfield></datafield><datafield tag="245" ind1="1" ind2="0"><subfield code="a">Langenscheidt, Power-Wörterbuch Französisch</subfield><subfield code="b">Französisch-Deutsch, Deutsch-Französisch; [mit Info-Klappen]</subfield><subfield code="c">hrsg. von der Langenscheidt-Redaktion. [Projektleitung: Barbara Epple]</subfield></datafield><datafield tag="246" ind1="1" ind2="0"><subfield code="a">Power-Wörterbuch Französisch</subfield></datafield><datafield tag="250" ind1=" " ind2=" "><subfield code="a">Neubearb. 2010</subfield></datafield><datafield tag="260" ind1="3" ind2=" "><subfield code="a">Berlin ; München ; Wien ; Zürich ; New York, NY</subfield><subfield code="b">Langenscheidt</subfield><subfield code="c">2010</subfield></datafield><datafield tag="300" ind1=" " ind2=" "><subfield code="a">980 Seiten</subfield><subfield code="b">Ill.</subfield><subfield code="c">20 cm</subfield></datafield><datafield tag="852" ind1=" " ind2=" "><subfield code="a">Frei 129</subfield><subfield code="b">PHFR</subfield><subfield code="c">ID 6850 E64 (N)</subfield></datafield><datafield tag="856" ind1="4" ind2=" "><subfield code="8">00</subfield><subfield code="u">http://deposit.d-nb.de/cgi-bin/dokserv?id=3407342&amp;prov=M&amp;dok_var=1&amp;dok_ext=htm</subfield><subfield code="y">Inhaltstext</subfield></datafield><datafield tag="980" ind1="0" ind2=" "><subfield code="a">00214347</subfield><subfield code="9">(PHFR)</subfield><subfield code="b">2.OG (35)</subfield><subfield code="c">ID 6850 E64 (N)</subfield><subfield code="d">Standardleihe (01)</subfield><subfield code="e">Verfügbar (X)</subfield></datafield></record>