
<record><leader>08454nam a2200000uu 4500</leader><controlfield tag="001">04020052</controlfield><controlfield tag="003">DE-Frei129</controlfield><controlfield tag="005">20220811084021.0</controlfield><controlfield tag="007">tu</controlfield><controlfield tag="008">090414s2010    ||||||||||||||||||||eng||</controlfield><datafield tag="020" ind1=" " ind2=" "><subfield code="a">0415993199</subfield><subfield code="9">0415993199</subfield><subfield code="c">hardcover : alk. paper</subfield></datafield><datafield tag="020" ind1=" " ind2=" "><subfield code="a">0415993202</subfield><subfield code="9">0415993202</subfield><subfield code="c">pbk. : alk. paper</subfield></datafield><datafield tag="020" ind1=" " ind2=" "><subfield code="a">0203874854</subfield><subfield code="9">0203874854</subfield><subfield code="c">ebk.</subfield></datafield><datafield tag="020" ind1=" " ind2=" "><subfield code="a">9780415993197</subfield><subfield code="9">9780415993197</subfield><subfield code="c">: hardcover : alk. paper</subfield></datafield><datafield tag="020" ind1=" " ind2=" "><subfield code="a">9780415993203</subfield><subfield code="9">9780415993203</subfield><subfield code="c">: pbk. : alk. paper</subfield></datafield><datafield tag="020" ind1=" " ind2=" "><subfield code="a">9780203874851</subfield><subfield code="9">9780203874851</subfield><subfield code="c">: ebk.</subfield></datafield><datafield tag="035" ind1=" " ind2=" "><subfield code="a">(DE-576)597573905</subfield></datafield><datafield tag="041" ind1=" " ind2=" "><subfield code="a">eng</subfield></datafield><datafield tag="044" ind1=" " ind2=" "><subfield code="c">XD-US</subfield><subfield code="c">XA-GB</subfield></datafield><datafield tag="245" ind1="1" ind2="0"><subfield code="a">Handbook of formative assessment</subfield><subfield code="c">ed. by Heidi L. Andrade and Gregory J. Cizek</subfield></datafield><datafield tag="260" ind1="3" ind2=" "><subfield code="a">New York, NY [u.a.]</subfield><subfield code="b">Taylor &amp; Francis Ltd</subfield><subfield code="c">2010</subfield></datafield><datafield tag="300" ind1=" " ind2=" "><subfield code="a">XII, 377 Seiten</subfield><subfield code="b">Ill., graph. Darst.</subfield><subfield code="c">25 cm</subfield></datafield><datafield tag="500" ind1=" " ind2=" "><subfield code="a">Includes bibliographical references and indexes</subfield></datafield><datafield tag="500" ind1=" " ind2=" "><subfield code="a">IMD-Felder maschinell generiert (GBV)</subfield></datafield><datafield tag="650" ind1=" " ind2="7"><subfield code="a">Educational evaluation</subfield><subfield code="0">(DE-Frei129)00239700</subfield><subfield code="2">local</subfield></datafield><datafield tag="650" ind1=" " ind2="7"><subfield code="a">Educational tests and measurements</subfield><subfield code="0">(DE-Frei129)00275372</subfield><subfield code="2">local</subfield></datafield><datafield tag="650" ind1=" " ind2="7"><subfield code="a">Academic achievement</subfield><subfield code="x">Testing</subfield><subfield code="0">(DE-Frei129)14332690</subfield><subfield code="2">local</subfield></datafield><datafield tag="650" ind1=" " ind2="7"><subfield code="a">Handbooks, manuals, etc</subfield><subfield code="0">(DE-Frei129)01928891</subfield><subfield code="2">local</subfield></datafield><datafield tag="650" ind1=" " ind2="7"><subfield code="a">Academic achievement</subfield><subfield code="0">(DE-Frei129)00246266</subfield><subfield code="2">local</subfield></datafield><datafield tag="650" ind1=" " ind2="7"><subfield code="a">Testing</subfield><subfield code="0">(DE-Frei129)00235132</subfield><subfield code="2">local</subfield></datafield><datafield tag="650" ind1=" " ind2="7"><subfield code="a">Schulleistungsmessung</subfield><subfield code="0">(DE-Frei129)00031154</subfield><subfield code="0">(DE-588)4077202-0</subfield><subfield code="2">gnd</subfield></datafield><datafield tag="650" ind1=" " ind2="7"><subfield code="a">Aufsatzsammlung</subfield><subfield code="0">(DE-Frei129)00148893</subfield><subfield code="0">(DE-588)4143413-4</subfield><subfield code="2">gnd</subfield></datafield><datafield tag="650" ind1=" " ind2="7"><subfield code="a">Pädagogik</subfield><subfield code="0">(DE-Frei129)00007310</subfield><subfield code="0">(DE-588)4044302-4</subfield><subfield code="2">gnd</subfield></datafield><datafield tag="650" ind1=" " ind2="7"><subfield code="a">Evaluation</subfield><subfield code="0">(DE-Frei129)00007200</subfield><subfield code="0">(DE-588)4071034-8</subfield><subfield code="2">gnd</subfield></datafield><datafield tag="689" ind1="0" ind2="0"><subfield code="A">s</subfield><subfield code="a">Educational evaluation</subfield><subfield code="5">DE-101</subfield></datafield><datafield tag="689" ind1="1" ind2="0"><subfield code="A">s</subfield><subfield code="a">Educational tests and measurements</subfield><subfield code="5">DE-101</subfield></datafield><datafield tag="689" ind1="2" ind2="0"><subfield code="A">s</subfield><subfield code="a">Academic achievement / Testing</subfield><subfield code="5">DE-101</subfield></datafield><datafield tag="689" ind1="3" ind2="0"><subfield code="A">s</subfield><subfield code="a">Educational evaluation </subfield></datafield><datafield tag="689" ind1="3" ind2="1"><subfield code="A">s</subfield><subfield code="a">Handbooks, manuals, etc</subfield><subfield code="5">DE-101</subfield></datafield><datafield tag="689" ind1="4" ind2="0"><subfield code="A">s</subfield><subfield code="a">Educational tests and measurements </subfield></datafield><datafield tag="689" ind1="4" ind2="1"><subfield code="A">s</subfield><subfield code="a">Handbooks, manuals, etc</subfield><subfield code="5">DE-101</subfield></datafield><datafield tag="689" ind1="5" ind2="0"><subfield code="A">s</subfield><subfield code="a">Academic achievement </subfield></datafield><datafield tag="689" ind1="5" ind2="1"><subfield code="A">s</subfield><subfield code="a">Handbooks, manuals, etc </subfield></datafield><datafield tag="689" ind1="5" ind2="2"><subfield code="A">s</subfield><subfield code="a">Testing</subfield><subfield code="5">DE-101</subfield></datafield><datafield tag="689" ind1="6" ind2="0"><subfield code="0">(DE-588)4077202-0</subfield><subfield code="D">s</subfield><subfield code="a">Schulleistungsmessung </subfield></datafield><datafield tag="689" ind1="6" ind2="1"><subfield code="0">(DE-588)4143413-4</subfield><subfield code="D">s</subfield><subfield code="a">Aufsatzsammlung</subfield><subfield code="5">DE-101</subfield></datafield><datafield tag="689" ind1="7" ind2="0"><subfield code="0">(DE-588)4044302-4</subfield><subfield code="D">s</subfield><subfield code="a">Pädagogik </subfield></datafield><datafield tag="689" ind1="7" ind2="1"><subfield code="0">(DE-588)4071034-8</subfield><subfield code="D">s</subfield><subfield code="a">Evaluation </subfield></datafield><datafield tag="689" ind1="7" ind2="2"><subfield code="0">(DE-588)4143413-4</subfield><subfield code="D">s</subfield><subfield code="a">Aufsatzsammlung</subfield><subfield code="5">DE-101</subfield></datafield><datafield tag="700" ind1="1" ind2=" "><subfield code="0">(DE-Frei129)04001838</subfield><subfield code="a">Andrade, Heidi L.</subfield><subfield code="4">oth</subfield></datafield><datafield tag="700" ind1="1" ind2=" "><subfield code="0">(DE-Frei129)04001839</subfield><subfield code="a">Cizek, Gregory J.</subfield><subfield code="4">Hrsg.</subfield></datafield><datafield tag="852" ind1=" " ind2=" "><subfield code="a">Frei 129</subfield><subfield code="b">PHFR</subfield><subfield code="c">Paed K 520: 112</subfield></datafield><datafield tag="856" ind1="4" ind2=" "><subfield code="8">00</subfield><subfield code="u">http://www.gbv.de/dms/bowker/toc/9780415993197.pdf</subfield><subfield code="y">Inhaltsverzeichnis</subfield></datafield><datafield tag="856" ind1="4" ind2=" "><subfield code="8">01</subfield><subfield code="u">http://bvbr.bib-bvb.de:8991/F?func=service&amp;doc_library=BVB01&amp;doc_number=018643477&amp;line_number=0001&amp;func_code=DB_RECORDS&amp;service_type=MEDIA</subfield><subfield code="y">Verlagsinformation</subfield></datafield><datafield tag="980" ind1="0" ind2=" "><subfield code="a">00364232</subfield><subfield code="9">(PHFR)</subfield><subfield code="b">EG-Anbau (32)</subfield><subfield code="c">Paed K 520: 112</subfield><subfield code="d">Standardleihe (01)</subfield><subfield code="e">Verfügbar (X)</subfield></datafield></record>