
<record><leader>02350nam a2200000uuc4500</leader><controlfield tag="001">03780867</controlfield><controlfield tag="003">DE-Frei129</controlfield><controlfield tag="005">20220811084021.0</controlfield><controlfield tag="007">tu</controlfield><controlfield tag="008">100309s2010    ||||||||||||||||||||ger||</controlfield><datafield tag="020" ind1=" " ind2=" "><subfield code="a">9783190516896</subfield><subfield code="9">9783190516896</subfield></datafield><datafield tag="035" ind1=" " ind2=" "><subfield code="a">(DE-576)139047626X</subfield></datafield><datafield tag="041" ind1=" " ind2=" "><subfield code="a">ger</subfield></datafield><datafield tag="245" ind1="1" ind2="0"><subfield code="a">Fit für den Deutsch-Test für Zuwanderer</subfield><subfield code="b">[Tipps und Übungen; Niveau A2-B1]</subfield><subfield code="n">Buch</subfield><subfield code="c">Johannes Gerbes; Frauke van der Werff</subfield></datafield><datafield tag="250" ind1=" " ind2=" "><subfield code="a">1. Aufl.</subfield></datafield><datafield tag="260" ind1="3" ind2=" "><subfield code="a">Ismaning</subfield><subfield code="b">Hueber u.a.</subfield><subfield code="c">2010</subfield></datafield><datafield tag="300" ind1=" " ind2=" "><subfield code="a">151 Seiten</subfield><subfield code="b">Ill.</subfield></datafield><datafield tag="490" ind1="0" ind2=" "><subfield code="a">Tipps und Übungen</subfield></datafield><datafield tag="490" ind1="1" ind2=" "><subfield code="a">Fit für den Deutsch-Test für Zuwanderer : [Tipps und Übungen; Niveau A2-B1]. - Hörtexte.</subfield></datafield><datafield tag="500" ind1=" " ind2=" "><subfield code="a">Hier auch später erschienene, unveränderte Nachdrucke</subfield></datafield><datafield tag="773" ind1="0" ind2="8"><subfield code="w">(DE-Frei129)03776995</subfield><subfield code="q">BUCH</subfield></datafield><datafield tag="852" ind1=" " ind2=" "><subfield code="a">Frei 129</subfield><subfield code="b">PHFR</subfield><subfield code="c">GB 3044 F544</subfield></datafield><datafield tag="980" ind1="0" ind2=" "><subfield code="a">00429481</subfield><subfield code="9">(PHFR)</subfield><subfield code="b">Handbibliothek (50)</subfield><subfield code="c">Deu S 150: 109</subfield><subfield code="d">Handbibliothek - nie verleihbar (54)</subfield><subfield code="e">Verfügbar (X)</subfield></datafield></record>