
<record><leader>09401nam a2200000uu 4500</leader><controlfield tag="001">03698096</controlfield><controlfield tag="003">DE-Frei129</controlfield><controlfield tag="005">20220811084021.0</controlfield><controlfield tag="007">tu</controlfield><controlfield tag="008">090127s2010    ||||||||||||||||||||eng||</controlfield><datafield tag="020" ind1=" " ind2=" "><subfield code="a">9781405180689</subfield><subfield code="9">9781405180689</subfield><subfield code="c">hc. : alk. paper : L 55,00, Eur 64,26 (D)</subfield></datafield><datafield tag="020" ind1=" " ind2=" "><subfield code="a">9781405180672</subfield><subfield code="9">9781405180672</subfield><subfield code="c">pbk. : alk. paper</subfield></datafield><datafield tag="020" ind1=" " ind2=" "><subfield code="a">1405180684</subfield><subfield code="9">1405180684</subfield><subfield code="c">(hbk.) £55.00</subfield></datafield><datafield tag="020" ind1=" " ind2=" "><subfield code="a">1405180676</subfield><subfield code="9">1405180676</subfield><subfield code="c">(pbk.) £21.99</subfield></datafield><datafield tag="035" ind1=" " ind2=" "><subfield code="a">(DE-576)590129961</subfield></datafield><datafield tag="041" ind1=" " ind2=" "><subfield code="a">eng</subfield></datafield><datafield tag="044" ind1=" " ind2=" "><subfield code="c">XA-GB</subfield><subfield code="c">XD-US</subfield></datafield><datafield tag="100" ind1="1" ind2=" "><subfield code="a">Lindberg, Carter</subfield><subfield code="0">(DE-Frei129)00447250</subfield><subfield code="0">(DE-588)128959258</subfield></datafield><datafield tag="245" ind1="1" ind2="4"><subfield code="a">The European Reformations</subfield><subfield code="c">Carter Lindberg</subfield></datafield><datafield tag="250" ind1=" " ind2=" "><subfield code="a">2. ed.</subfield></datafield><datafield tag="260" ind1="3" ind2=" "><subfield code="a">Chichester [u.a.]</subfield><subfield code="b">John Wiley &amp; Sons</subfield><subfield code="c">2010</subfield></datafield><datafield tag="300" ind1=" " ind2=" "><subfield code="a">XVIII, 454 Seiten</subfield><subfield code="b">Ill., Kt.</subfield></datafield><datafield tag="500" ind1=" " ind2=" "><subfield code="a">Literaturangaben und Literaturverz. S. [407] - 442</subfield></datafield><datafield tag="500" ind1=" " ind2=" "><subfield code="a">IMD-Felder maschinell generiert (GBV)</subfield></datafield><datafield tag="500" ind1=" " ind2=" "><subfield code="a">Archivierung prüfen</subfield></datafield><datafield tag="501" ind1=" " ind2=" "><subfield code="a">History, historiography, and interpretations of the Reformations -- The late Middle Ages : threshold and foothold of the Reformations -- The dawn of a new era -- Wait for no one : implementation of reforms in Wittenberg -- Fruits of the fig tree : social welfare and education -- The Reformation of the common man -- The Swiss Connection : Zwingli and the Reformation in Zurich -- The sheep against the shepherds : the radical Reformations -- Augsburg 1530 to Augsburg 1555 : reforms and politics -- &quot;The most perfect school of Christ&quot; : the Genevan Reformation -- Refuge in the shadow of God&apos;s wings : the Reformation in France -- The blood of the martyrs : the Reformation in the Netherlands -- The Reformations in England and Scotland -- Catholic renewal and the counter-Reformation -- Legacies of the Reformations.</subfield></datafield><datafield tag="520" ind1=" " ind2=" "><subfield code="a">History, historiography, and interpretations of the Reformations -- The late Middle Ages : threshold and foothold of the Reformations -- The dawn of a new era -- Wait for no one : implementation of reforms in Wittenberg -- Fruits of the fig tree : social welfare and education -- The Reformation of the common man -- The Swiss Connection : Zwingli and the Reformation in Zurich -- The sheep against the shepherds : the radical Reformations -- Augsburg 1530 to Augsburg 1555 : reforms and politics -- &quot;The most perfect school of Christ&quot; : the Genevan Reformation -- Refuge in the shadow of God&apos;s wings : the Reformation in France -- The blood of the martyrs : the Reformation in the Netherlands -- The Reformations in England and Scotland -- Catholic renewal and the counter-Reformation -- Legacies of the Reformations</subfield></datafield><datafield tag="648" ind1=" " ind2="7"><subfield code="a">Great Britain</subfield><subfield code="0">(DE-Frei129)14260494</subfield><subfield code="2">local</subfield></datafield><datafield tag="648" ind1=" " ind2="7"><subfield code="a">Geschichte 1400-1600</subfield><subfield code="0">(DE-Frei129)00084746</subfield><subfield code="2">local</subfield></datafield><datafield tag="648" ind1=" " ind2="7"><subfield code="a">Kirchengeschichte 1400-1600</subfield><subfield code="0">(DE-Frei129)14477878</subfield><subfield code="2">local</subfield></datafield><datafield tag="650" ind1=" " ind2="7"><subfield code="a">Church history</subfield><subfield code="0">(DE-Frei129)00237207</subfield><subfield code="2">local</subfield></datafield><datafield tag="650" ind1=" " ind2="7"><subfield code="a">Counter-Reformation</subfield><subfield code="0">(DE-Frei129)00755801</subfield><subfield code="2">local</subfield></datafield><datafield tag="650" ind1=" " ind2="7"><subfield code="a">Reformation</subfield><subfield code="0">(DE-Frei129)00386029</subfield><subfield code="2">local</subfield></datafield><datafield tag="650" ind1=" " ind2="7"><subfield code="a">Reformation</subfield><subfield code="0">(DE-Frei129)00020311</subfield><subfield code="0">(DE-588)4048946-2</subfield><subfield code="2">gnd</subfield></datafield><datafield tag="650" ind1=" " ind2="7"><subfield code="a">15th century</subfield><subfield code="0">(DE-Frei129)00387919</subfield><subfield code="2">local</subfield></datafield><datafield tag="651" ind1=" " ind2="7"><subfield code="a">Europa</subfield><subfield code="0">(DE-Frei129)00007416</subfield><subfield code="0">(DE-588)4015701-5</subfield><subfield code="2">gnd</subfield></datafield><datafield tag="689" ind1="0" ind2="0"><subfield code="A">s</subfield><subfield code="a">Church history</subfield><subfield code="5">DE-101</subfield></datafield><datafield tag="689" ind1="1" ind2="0"><subfield code="A">s</subfield><subfield code="a">Counter-Reformation</subfield><subfield code="5">DE-101</subfield></datafield><datafield tag="689" ind1="2" ind2="0"><subfield code="A">s</subfield><subfield code="a">Reformation </subfield></datafield><datafield tag="689" ind1="2" ind2="1"><subfield code="A">s</subfield><subfield code="a">Great Britain</subfield><subfield code="5">DE-101</subfield></datafield><datafield tag="689" ind1="3" ind2="0"><subfield code="0">(DE-588)4015701-5</subfield><subfield code="D">g</subfield><subfield code="a">Europa </subfield></datafield><datafield tag="689" ind1="3" ind2="1"><subfield code="0">(DE-588)4048946-2</subfield><subfield code="D">s</subfield><subfield code="a">Reformation </subfield></datafield><datafield tag="689" ind1="3" ind2="2"><subfield code="A">s</subfield><subfield code="a">Geschichte 1400-1600</subfield><subfield code="5">DE-101</subfield></datafield><datafield tag="689" ind1="4" ind2="0"><subfield code="0">(DE-588)4015701-5</subfield><subfield code="D">g</subfield><subfield code="a">Europa </subfield></datafield><datafield tag="689" ind1="4" ind2="1"><subfield code="A">s</subfield><subfield code="a">Kirchengeschichte 1400-1600</subfield><subfield code="5">DE-101</subfield></datafield><datafield tag="689" ind1="5" ind2="0"><subfield code="A">s</subfield><subfield code="a">Reformation</subfield><subfield code="5">DE-101</subfield></datafield><datafield tag="689" ind1="6" ind2="0"><subfield code="A">s</subfield><subfield code="a">Church history </subfield></datafield><datafield tag="689" ind1="6" ind2="1"><subfield code="A">s</subfield><subfield code="a">15th century</subfield><subfield code="5">DE-101</subfield></datafield><datafield tag="776" ind1="0" ind2="8"><subfield code="a">Carter Lindberg</subfield><subfield code="i">Erscheint auch als Online-Ausgabe</subfield><subfield code="t">The European reformations</subfield><subfield code="w">(DE-Frei129)03698095</subfield><subfield code="w">(DE-576)786694769</subfield></datafield><datafield tag="852" ind1=" " ind2=" "><subfield code="a">Frei 129</subfield><subfield code="b">PHFR</subfield><subfield code="c">BP 2440 L742 (2)</subfield></datafield><datafield tag="856" ind1="4" ind2=" "><subfield code="8">00</subfield><subfield code="u">http://ecx.images-amazon.com/images/I/51edmFvB7bL._BO2,204,203,200_PIsitb-sticker-arrow-click,TopRight,35,-76_AA240_SH20_OU03_.jpg</subfield><subfield code="y">Cover</subfield></datafield><datafield tag="856" ind1="4" ind2=" "><subfield code="8">01</subfield><subfield code="u">http://www.gbv.de/dms/bowker/toc/9781405180672.pdf</subfield><subfield code="y">Inhaltsverzeichnis</subfield></datafield><datafield tag="856" ind1="4" ind2=" "><subfield code="8">02</subfield><subfield code="u">https://swbplus.bsz-bw.de/bsz367015382cov.jpg</subfield><subfield code="y">Verlagsinformation</subfield></datafield><datafield tag="980" ind1="0" ind2=" "><subfield code="a">00485481</subfield><subfield code="9">(PHFR)</subfield><subfield code="b">UG (33)</subfield><subfield code="c">BP 2440 L742 (2)</subfield><subfield code="d">Standardleihe (01)</subfield><subfield code="e">Verfügbar (X)</subfield></datafield></record>