
<record><leader>03686nam a2200000uu 4500</leader><controlfield tag="001">03565557</controlfield><controlfield tag="003">DE-Frei129</controlfield><controlfield tag="005">20220811084021.0</controlfield><controlfield tag="007">tu</controlfield><controlfield tag="008">100802s2010    ||||||||||||||||||||ger||</controlfield><datafield tag="020" ind1=" " ind2=" "><subfield code="a">9783800167128</subfield><subfield code="9">9783800167128</subfield><subfield code="c">Gb. : EUR 24.90</subfield></datafield><datafield tag="024" ind1="3" ind2=" "><subfield code="a">9783800167128</subfield></datafield><datafield tag="035" ind1=" " ind2=" "><subfield code="a">(DE-576)1604438886</subfield></datafield><datafield tag="041" ind1=" " ind2=" "><subfield code="a">ger</subfield></datafield><datafield tag="100" ind1="1" ind2=" "><subfield code="a">Kohfink, Marc-Wilhelm</subfield><subfield code="0">(DE-Frei129)00322614</subfield><subfield code="0">(DE-588)123769809</subfield></datafield><datafield tag="245" ind1="1" ind2="0"><subfield code="a">Bienen halten in der Stadt</subfield><subfield code="c">Marc-Wilhelm Kohfink</subfield></datafield><datafield tag="260" ind1="3" ind2=" "><subfield code="a">Stuttgart</subfield><subfield code="b">Ulmer</subfield><subfield code="c">2010</subfield></datafield><datafield tag="300" ind1=" " ind2=" "><subfield code="a">174 Seiten</subfield><subfield code="b">Ill.</subfield></datafield><datafield tag="500" ind1=" " ind2=" "><subfield code="a">Archivierung/Langzeitarchivierung gewährleistet</subfield></datafield><datafield tag="650" ind1=" " ind2="7"><subfield code="a">Stadt</subfield><subfield code="0">(DE-Frei129)00010215</subfield><subfield code="0">(DE-588)4056723-0</subfield><subfield code="2">gnd</subfield></datafield><datafield tag="650" ind1=" " ind2="7"><subfield code="a">Imkerei</subfield><subfield code="0">(DE-Frei129)00011629</subfield><subfield code="0">(DE-588)4026592-4</subfield><subfield code="2">gnd</subfield></datafield><datafield tag="689" ind1="0" ind2="0"><subfield code="0">(DE-588)4056723-0</subfield><subfield code="D">s</subfield><subfield code="a">Stadt </subfield></datafield><datafield tag="689" ind1="0" ind2="1"><subfield code="0">(DE-588)4026592-4</subfield><subfield code="D">s</subfield><subfield code="a">Imkerei</subfield><subfield code="5">DE-101</subfield></datafield><datafield tag="776" ind1="0" ind2="8"><subfield code="a">Marc-Wilhelm Kohfink</subfield><subfield code="i">Erscheint auch als Online-Ausgabe</subfield><subfield code="t">Bienen halten in der Stadt</subfield><subfield code="w">(DE-Frei129)03565556</subfield><subfield code="w">(DE-576)1658116712</subfield></datafield><datafield tag="776" ind1="0" ind2="8"><subfield code="a">Marc-Wilhelm Kohfink</subfield><subfield code="i">Erscheint auch als Online-Ausgabe</subfield><subfield code="t">Bienen halten in der Stadt</subfield><subfield code="w">(DE-Frei129)58894595</subfield></datafield><datafield tag="852" ind1=" " ind2=" "><subfield code="a">Frei 129</subfield><subfield code="b">PHFR</subfield><subfield code="c">Bio D 800: 39</subfield></datafield><datafield tag="856" ind1="4" ind2=" "><subfield code="8">00</subfield><subfield code="u">http://deposit.d-nb.de/cgi-bin/dokserv?id=3487766&amp;prov=M&amp;dok_var=1&amp;dok_ext=htm</subfield><subfield code="y">Inhaltstext</subfield></datafield><datafield tag="980" ind1="0" ind2=" "><subfield code="a">00454433</subfield><subfield code="9">(PHFR)</subfield><subfield code="b">UG (33)</subfield><subfield code="c">Bio D 800: 39</subfield><subfield code="d">Standardleihe (01)</subfield><subfield code="e">ausgeliehen (A) - Fälligkeitsdatum: 02.09.2022</subfield></datafield></record>