
<record><leader>05341nam a2200000uu 4500</leader><controlfield tag="001">03231859</controlfield><controlfield tag="003">DE-Frei129</controlfield><controlfield tag="005">20220811084021.0</controlfield><controlfield tag="007">tu</controlfield><controlfield tag="008">150812s2010    |||||||||||||||||||||||||</controlfield><datafield tag="020" ind1=" " ind2=" "><subfield code="a">9780754668015</subfield><subfield code="9">9780754668015</subfield><subfield code="c">(hbk.) £55.00</subfield></datafield><datafield tag="020" ind1=" " ind2=" "><subfield code="a">0754668010</subfield><subfield code="9">0754668010</subfield><subfield code="c">(hbk.) £55.00</subfield></datafield><datafield tag="024" ind1="3" ind2=" "><subfield code="a">9780754668015</subfield></datafield><datafield tag="035" ind1=" " ind2=" "><subfield code="a">(DE-576)1616029714</subfield></datafield><datafield tag="245" ind1="1" ind2="0"><subfield code="a">Sociology and music education</subfield><subfield code="c">edited by Ruth Wright</subfield></datafield><datafield tag="260" ind1="3" ind2=" "><subfield code="a">Farnham</subfield><subfield code="b">Ashgate</subfield><subfield code="c">2010</subfield></datafield><datafield tag="300" ind1=" " ind2=" "><subfield code="a">XV, 299 Seiten</subfield><subfield code="b">Illustrationen</subfield><subfield code="c">24 cm</subfield></datafield><datafield tag="490" ind1="0" ind2=" "><subfield code="a">Sempre studies in the psychology of music</subfield></datafield><datafield tag="500" ind1=" " ind2=" "><subfield code="a">Formerly CIP Uk. - Includes index. - Sociology and music education / Ruth Wright -- Fundamental concepts in the sociology of music education / Lucy Green -- Class, power, culture and the music curriculum / Ruth Wright and Brian Davies -- Music education from the perspective of system theory / Geir Johansen -- Unpopular music : beliefs and behaviours towards music in education / Alexandra Lamont and Karl Maton -- The sociological critique of curriculum music in England : is radical change really possible? / Chris Philpott -- Ethnicity and music education : sociological dimensions / David G. Hebert -- Towards a sociological perspective on researching children&apos;s creative music making practices : an exercise in self-consciousness / Panagiotis A. Kanellopoulos -- Gender identity, musical experience and schooling / Lucy Green -- Modernity, identity and musical learning / Geir Johansen -- Towards a broader conception of creativity in the music classroom : a case for using Engeström&apos;s activity theory as a basis for researching and characterising group music making practices / Pamela Burnard and Betty Anne Younker -- Revealing musical learning in the informal field / Sidsel Karlsen -- Musikdidaktik and sociology / Geir Johansen -- Culture, society and music education / Ruth Wright and John Finney -- Listening to children : voice, agency and ownership in school musicking / Felicity Laurence -- Democracy, social exclusion and music education : possibilities for change / Ruth Wright</subfield></datafield><datafield tag="650" ind1=" " ind2="7"><subfield code="a">Music</subfield><subfield code="0">(DE-Frei129)00242080</subfield><subfield code="2">local</subfield></datafield><datafield tag="650" ind1=" " ind2="7"><subfield code="a">Instruction and study</subfield><subfield code="0">(DE-Frei129)00243384</subfield><subfield code="2">local</subfield></datafield><datafield tag="650" ind1=" " ind2="7"><subfield code="a">Social aspects</subfield><subfield code="0">(DE-Frei129)00220793</subfield><subfield code="2">local</subfield></datafield><datafield tag="650" ind1=" " ind2="7"><subfield code="a">Sociology</subfield><subfield code="0">(DE-Frei129)00238413</subfield><subfield code="2">local</subfield></datafield><datafield tag="689" ind1="0" ind2="0"><subfield code="A">s</subfield><subfield code="a">Music </subfield></datafield><datafield tag="689" ind1="0" ind2="1"><subfield code="A">s</subfield><subfield code="a">Instruction and study</subfield><subfield code="5">DE-101</subfield></datafield><datafield tag="689" ind1="1" ind2="0"><subfield code="A">s</subfield><subfield code="a">Music </subfield></datafield><datafield tag="689" ind1="1" ind2="1"><subfield code="A">s</subfield><subfield code="a">Instruction and study </subfield></datafield><datafield tag="689" ind1="1" ind2="2"><subfield code="A">s</subfield><subfield code="a">Social aspects</subfield><subfield code="5">DE-101</subfield></datafield><datafield tag="689" ind1="2" ind2="0"><subfield code="A">s</subfield><subfield code="a">Sociology</subfield><subfield code="5">DE-101</subfield></datafield><datafield tag="700" ind1="1" ind2=" "><subfield code="0">(DE-588)1027792774</subfield><subfield code="0">(DE-Frei129)01038866</subfield><subfield code="a">Wright, Ruth</subfield><subfield code="4">oth</subfield></datafield><datafield tag="852" ind1=" " ind2=" "><subfield code="a">Frei 129</subfield><subfield code="b">PHFR</subfield><subfield code="c">LR 56900 W947</subfield></datafield><datafield tag="980" ind1="0" ind2=" "><subfield code="a">00463121</subfield><subfield code="9">(PHFR)</subfield><subfield code="b">3.OG (37)</subfield><subfield code="c">LR 56900 W947</subfield><subfield code="d">Standardleihe (01)</subfield><subfield code="e">Verfügbar (X)</subfield></datafield></record>