
<record><leader>04879nam a2200000uu 4500</leader><controlfield tag="001">03212722</controlfield><controlfield tag="003">DE-Frei129</controlfield><controlfield tag="005">20220811084021.0</controlfield><controlfield tag="007">tu</controlfield><controlfield tag="008">150625s2010    ||||||||||||||||||||ger||</controlfield><datafield tag="015" ind1=" " ind2=" "><subfield code="a">04,A16,2136</subfield></datafield><datafield tag="016" ind1="7" ind2=" "><subfield code="a">969775695</subfield><subfield code="2">DE-101</subfield></datafield><datafield tag="020" ind1=" " ind2=" "><subfield code="a">3765567558</subfield><subfield code="9">3-7655-6755-8</subfield></datafield><datafield tag="024" ind1="3" ind2=" "><subfield code="a">9783765567551</subfield></datafield><datafield tag="035" ind1=" " ind2=" "><subfield code="a">(DE-576)1615278869</subfield></datafield><datafield tag="041" ind1=" " ind2=" "><subfield code="a">ger</subfield></datafield><datafield tag="245" ind1="1" ind2="0"><subfield code="a">Wenn ich nicht mehr bei dir bin, bleibt dir unser Stern</subfield><subfield code="c">Claude K. Dubois - Patrick Gilson. [Ins Dt. übertr. von Irmtraut Fröse-Schreer]</subfield></datafield><datafield tag="246" ind1="1" ind2="3"><subfield code="a">Een ster voor Amber</subfield></datafield><datafield tag="250" ind1=" " ind2=" "><subfield code="a">3. Aufl.</subfield></datafield><datafield tag="260" ind1="3" ind2=" "><subfield code="a">Gießen ; Basel</subfield><subfield code="b">Brunnen-Verl.</subfield><subfield code="c">2010</subfield></datafield><datafield tag="300" ind1=" " ind2=" "><subfield code="a">[29]  Seiten</subfield><subfield code="b">zahlr. Ill.</subfield><subfield code="c">23 cm</subfield></datafield><datafield tag="490" ind1="0" ind2=" "><subfield code="a">Brunnen-Kinder- &amp; Jugendbücher</subfield></datafield><datafield tag="650" ind1=" " ind2="7"><subfield code="a">Junge</subfield><subfield code="0">(DE-Frei129)00012822</subfield><subfield code="0">(DE-588)4029002-5</subfield><subfield code="2">gnd</subfield></datafield><datafield tag="650" ind1=" " ind2="7"><subfield code="a">Freundin</subfield><subfield code="0">(DE-Frei129)00093591</subfield><subfield code="0">(DE-588)4369629-6</subfield><subfield code="2">gnd</subfield></datafield><datafield tag="650" ind1=" " ind2="7"><subfield code="a">Krebs</subfield><subfield code="x">Medizin</subfield><subfield code="0">(DE-Frei129)00004113</subfield><subfield code="0">(DE-588)4073781-0</subfield><subfield code="2">gnd</subfield></datafield><datafield tag="651" ind1=" " ind2="7"><subfield code="a">Medizin</subfield><subfield code="0">(DE-Frei129)00757795</subfield><subfield code="2">local</subfield></datafield><datafield tag="655" ind1=" " ind2="7"><subfield code="a">Bilderbuch</subfield><subfield code="0">(DE-Frei129)00000373</subfield><subfield code="2">local</subfield></datafield><datafield tag="689" ind1="0" ind2="0"><subfield code="0">(DE-588)4029002-5</subfield><subfield code="D">s</subfield><subfield code="a">Junge </subfield></datafield><datafield tag="689" ind1="0" ind2="1"><subfield code="0">(DE-588)4369629-6</subfield><subfield code="D">s</subfield><subfield code="a">Freundin </subfield></datafield><datafield tag="689" ind1="0" ind2="2"><subfield code="0">(DE-588)4073781-0</subfield><subfield code="D">s</subfield><subfield code="a">Krebs / Medizin </subfield></datafield><datafield tag="689" ind1="0" ind2="3"><subfield code="A">s</subfield><subfield code="a">Medizin </subfield></datafield><datafield tag="689" ind1="0" ind2="4"><subfield code="A">s</subfield><subfield code="a">Bilderbuch</subfield><subfield code="5">DE-101</subfield></datafield><datafield tag="700" ind1="1" ind2=" "><subfield code="0">(DE-588)115640363</subfield><subfield code="0">(DE-Frei129)00922598</subfield><subfield code="a">Dubois, Claude K.</subfield><subfield code="4">oth</subfield></datafield><datafield tag="700" ind1="1" ind2=" "><subfield code="0">(DE-588)1054792623</subfield><subfield code="0">(DE-Frei129)01031544</subfield><subfield code="a">Gilson, Patrick</subfield><subfield code="4">oth</subfield></datafield><datafield tag="700" ind1="1" ind2=" "><subfield code="0">(DE-588)118086006</subfield><subfield code="0">(DE-Frei129)00728199</subfield><subfield code="a">Fröse-Schreer, Irmtraut</subfield><subfield code="4">Übers.</subfield></datafield><datafield tag="852" ind1=" " ind2=" "><subfield code="a">Frei 129</subfield><subfield code="b">PHFR</subfield><subfield code="c">ED 5540 D815 W4 (3)</subfield></datafield><datafield tag="980" ind1="0" ind2=" "><subfield code="a">00445440</subfield><subfield code="9">(PHFR)</subfield><subfield code="b">2.OG (35)</subfield><subfield code="c">ED 5540 D815 W4 (3)</subfield><subfield code="d">Standardleihe (01)</subfield><subfield code="e">ausgeliehen (A) - Fälligkeitsdatum: 30.08.2022</subfield></datafield></record>