
<record><leader>04099nam a2200000uu 4500</leader><controlfield tag="001">03022680</controlfield><controlfield tag="003">DE-Frei129</controlfield><controlfield tag="005">20220811084021.0</controlfield><controlfield tag="007">tu</controlfield><controlfield tag="008">110428s2010    ||||||||||||||||||||ger||</controlfield><datafield tag="020" ind1=" " ind2=" "><subfield code="a">9783795901820</subfield><subfield code="9">9783795901820</subfield><subfield code="c">kart. : EUR 28.00 (DE)</subfield></datafield><datafield tag="020" ind1=" " ind2=" "><subfield code="a">3795901820</subfield><subfield code="9">3795901820</subfield></datafield><datafield tag="035" ind1=" " ind2=" "><subfield code="a">(DE-576)656948817</subfield></datafield><datafield tag="041" ind1=" " ind2=" "><subfield code="a">ger</subfield></datafield><datafield tag="044" ind1=" " ind2=" "><subfield code="c">XA-DE-NI</subfield></datafield><datafield tag="100" ind1="1" ind2=" "><subfield code="a">Tūmā, Ḥabīb Ḥasan</subfield><subfield code="0">(DE-Frei129)00299783</subfield><subfield code="0">(DE-588)124116809</subfield></datafield><datafield tag="245" ind1="1" ind2="4"><subfield code="a">Die Musik der Araber</subfield><subfield code="c">Habib Hassan Touma</subfield></datafield><datafield tag="250" ind1=" " ind2=" "><subfield code="a">Erw. Neuausg., 4. Aufl.</subfield></datafield><datafield tag="260" ind1="3" ind2=" "><subfield code="a">Wilhelmshaven</subfield><subfield code="b">Noetzel, Heinrichshofen-Bücher</subfield><subfield code="c">2010</subfield></datafield><datafield tag="300" ind1=" " ind2=" "><subfield code="a">315 Seiten</subfield><subfield code="b">Ill., Notenbeisp.</subfield></datafield><datafield tag="490" ind1="0" ind2=" "><subfield code="a">Heinrichshofen-Bücher</subfield></datafield><datafield tag="490" ind1="1" ind2=" "><subfield code="a">Taschenbücher zur Musikwissenschaft </subfield><subfield code="v">37</subfield></datafield><datafield tag="500" ind1=" " ind2=" "><subfield code="a">Literaturverz. und Diskogr. S. 234 - 250</subfield></datafield><datafield tag="500" ind1=" " ind2=" "><subfield code="a">IMD-Felder maschinell generiert (GBV)</subfield></datafield><datafield tag="500" ind1=" " ind2=" "><subfield code="a">Archivierung prüfen</subfield></datafield><datafield tag="648" ind1=" " ind2="7"><subfield code="a">Geschichte</subfield><subfield code="0">(DE-Frei129)00000468</subfield><subfield code="2">local</subfield></datafield><datafield tag="650" ind1=" " ind2="7"><subfield code="a">Araber</subfield><subfield code="0">(DE-Frei129)00001603</subfield><subfield code="0">(DE-588)4002528-7</subfield><subfield code="2">gnd</subfield></datafield><datafield tag="650" ind1=" " ind2="7"><subfield code="a">Musik</subfield><subfield code="0">(DE-Frei129)00006756</subfield><subfield code="0">(DE-588)4040802-4</subfield><subfield code="2">gnd</subfield></datafield><datafield tag="689" ind1="0" ind2="0"><subfield code="0">(DE-588)4002528-7</subfield><subfield code="D">s</subfield><subfield code="a">Araber </subfield></datafield><datafield tag="689" ind1="0" ind2="1"><subfield code="0">(DE-588)4040802-4</subfield><subfield code="D">s</subfield><subfield code="a">Musik </subfield></datafield><datafield tag="689" ind1="0" ind2="2"><subfield code="A">s</subfield><subfield code="a">Geschichte</subfield><subfield code="5">DE-101</subfield></datafield><datafield tag="830" ind1=" " ind2="0"><subfield code="a">Taschenbücher zur Musikwissenschaft</subfield><subfield code="v">37</subfield><subfield code="w">(DE-Frei129)00008820</subfield><subfield code="9">237</subfield></datafield><datafield tag="852" ind1=" " ind2=" "><subfield code="a">Frei 129</subfield><subfield code="b">PHFR</subfield><subfield code="c"> LS 34000 T725 (4)</subfield></datafield><datafield tag="980" ind1="0" ind2=" "><subfield code="a">00465173</subfield><subfield code="9">(PHFR)</subfield><subfield code="b">3.OG (37)</subfield><subfield code="c">LS 34000 T725 (4)</subfield><subfield code="d">Standardleihe (01)</subfield><subfield code="e">Verfügbar (X)</subfield></datafield></record>