
<record><leader>02733nam a2200000uu 4500</leader><controlfield tag="001">03018476</controlfield><controlfield tag="003">DE-Frei129</controlfield><controlfield tag="005">20220811084021.0</controlfield><controlfield tag="007">tu</controlfield><controlfield tag="008">100518s2010    ||||||||||||||||||||ger||</controlfield><datafield tag="015" ind1=" " ind2=" "><subfield code="a">10,A19</subfield></datafield><datafield tag="016" ind1="7" ind2=" "><subfield code="a">99940508X</subfield><subfield code="2">DE-101</subfield></datafield><datafield tag="020" ind1=" " ind2=" "><subfield code="a">9783867402064</subfield><subfield code="9">978-3-86740-206-4</subfield><subfield code="c">geh. : EUR 14.50</subfield></datafield><datafield tag="024" ind1="3" ind2=" "><subfield code="a">9783867402064</subfield></datafield><datafield tag="035" ind1=" " ind2=" "><subfield code="a">(DE-576)616984936</subfield></datafield><datafield tag="041" ind1=" " ind2=" "><subfield code="a">ger</subfield></datafield><datafield tag="044" ind1=" " ind2=" "><subfield code="c">XA-DE-NW</subfield></datafield><datafield tag="100" ind1="1" ind2=" "><subfield code="a">Hannich, Katharina</subfield><subfield code="0">(DE-Frei129)03003269</subfield><subfield code="0">(DE-588)141019840</subfield></datafield><datafield tag="245" ind1="1" ind2="0"><subfield code="a">Kinder lernen Nein sagen</subfield><subfield code="b">Prävention vor sexueller Belästigung</subfield><subfield code="c">Katharina Hannich</subfield></datafield><datafield tag="250" ind1=" " ind2=" "><subfield code="a">1. Aufl.</subfield></datafield><datafield tag="260" ind1="3" ind2=" "><subfield code="a">Kempen</subfield><subfield code="b">BVK, Buch-Verl.</subfield><subfield code="c">2010</subfield></datafield><datafield tag="300" ind1=" " ind2=" "><subfield code="a">56  Seiten</subfield><subfield code="b">Ill.</subfield></datafield><datafield tag="490" ind1="0" ind2=" "><subfield code="a">Respekt</subfield></datafield><datafield tag="500" ind1=" " ind2=" "><subfield code="a">5090: ddsu/sred</subfield></datafield><datafield tag="852" ind1=" " ind2=" "><subfield code="a">Frei129</subfield><subfield code="c">Paed M 250: 76</subfield></datafield><datafield tag="856" ind1="4" ind2=" "><subfield code="8">00</subfield><subfield code="u">http://d-nb.info/99940508X/04</subfield><subfield code="y">Inhaltsverzeichnis</subfield></datafield><datafield tag="980" ind1="0" ind2=" "><subfield code="a">00212176</subfield><subfield code="9">(PHFR)</subfield><subfield code="b">EG-Anbau (32)</subfield><subfield code="c">Paed M 250: 76</subfield><subfield code="d">Standardleihe (01)</subfield><subfield code="e">ausgeliehen (A) - Fälligkeitsdatum: 02.09.2022</subfield></datafield></record>