
<record><leader>02632nam a2200000uu 4500</leader><controlfield tag="001">03017518</controlfield><controlfield tag="003">DE-Frei129</controlfield><controlfield tag="005">20220811084021.0</controlfield><controlfield tag="007">tu</controlfield><controlfield tag="008">110519s2010    ||||||||||||||||||||ger||</controlfield><datafield tag="015" ind1=" " ind2=" "><subfield code="a">10,A46</subfield></datafield><datafield tag="016" ind1="7" ind2=" "><subfield code="a">1006326707</subfield><subfield code="2">DE-101</subfield></datafield><datafield tag="020" ind1=" " ind2=" "><subfield code="a">9783834432094</subfield><subfield code="9">978-3-8344-3209-4</subfield><subfield code="c">geh. : EUR 20.90, sfr 36.40 (freier Pr.)</subfield></datafield><datafield tag="024" ind1="3" ind2=" "><subfield code="a">9783834432094</subfield></datafield><datafield tag="024" ind1="8" ind2=" "><subfield code="a">3209</subfield></datafield><datafield tag="035" ind1=" " ind2=" "><subfield code="a">(DE-576)1610559819</subfield></datafield><datafield tag="041" ind1=" " ind2=" "><subfield code="a">ger</subfield></datafield><datafield tag="044" ind1=" " ind2=" "><subfield code="c">XA-DE-NI</subfield></datafield><datafield tag="100" ind1="1" ind2=" "><subfield code="a">Mauritius, Elke</subfield><subfield code="0">(DE-Frei129)00154703</subfield></datafield><datafield tag="245" ind1="1" ind2="0"><subfield code="a">Positive Verstärker für den Schulalltag</subfield><subfield code="b">praktische Materialien zur Verbesserung des Arbeits- und Sozialverhaltens; 1. - 4. Klasse</subfield><subfield code="c">Elke Mauritius. [Ill. von Julia Flasche]</subfield></datafield><datafield tag="250" ind1=" " ind2=" "><subfield code="a">2. Aufl.</subfield></datafield><datafield tag="260" ind1="3" ind2=" "><subfield code="a">Buxtehude</subfield><subfield code="b">Auer</subfield><subfield code="c">2010</subfield></datafield><datafield tag="300" ind1=" " ind2=" "><subfield code="a">76  Seiten</subfield><subfield code="c">30 cm, 281 gr.</subfield><subfield code="e">1 CD-ROM</subfield></datafield><datafield tag="490" ind1="0" ind2=" "><subfield code="a">Bergedorfer Grundsteine Schulalltag</subfield></datafield><datafield tag="852" ind1=" " ind2=" "><subfield code="a">Frei129</subfield><subfield code="c">Psy G 580: 48</subfield></datafield><datafield tag="980" ind1="0" ind2=" "><subfield code="a">00215588</subfield><subfield code="9">(PHFR)</subfield><subfield code="b">EG-Anbau (32)</subfield><subfield code="c">Psy G 580: 48</subfield><subfield code="d">Standardleihe (01)</subfield><subfield code="e">Verfügbar (X)</subfield></datafield></record>