
<record><leader>05060nam a2200000uu 4500</leader><controlfield tag="001">03016959</controlfield><controlfield tag="003">DE-Frei129</controlfield><controlfield tag="005">20220811084021.0</controlfield><controlfield tag="007">tu</controlfield><controlfield tag="008">090311s2010    ||||||||||||||||||||ger||</controlfield><datafield tag="015" ind1=" " ind2=" "><subfield code="a">09,N09,0476</subfield></datafield><datafield tag="016" ind1="7" ind2=" "><subfield code="a">992551889</subfield><subfield code="2">DE-101</subfield></datafield><datafield tag="020" ind1=" " ind2=" "><subfield code="a">9783034502498</subfield><subfield code="9">978-3-03-450249-8</subfield><subfield code="c">PB. : EUR 36.40 (freier Pr.), sfr 58.00 (freier Pr.)</subfield></datafield><datafield tag="024" ind1="3" ind2=" "><subfield code="a">9783034502498</subfield></datafield><datafield tag="035" ind1=" " ind2=" "><subfield code="a">(DE-576)161843294X</subfield></datafield><datafield tag="041" ind1=" " ind2=" "><subfield code="a">ger</subfield></datafield><datafield tag="100" ind1="1" ind2=" "><subfield code="a">Michel, Tanja</subfield><subfield code="0">(DE-Frei129)03002898</subfield><subfield code="4">aut</subfield></datafield><datafield tag="245" ind1="1" ind2="0"><subfield code="a">Individuell zum Lernerfolg</subfield><subfield code="b">Fördermassnahmen zum selbstregulierten Lernen</subfield><subfield code="c">Tanja Michel; Sandra Zgraggen</subfield></datafield><datafield tag="250" ind1=" " ind2=" "><subfield code="a">1. Aufl.</subfield></datafield><datafield tag="260" ind1="3" ind2=" "><subfield code="a">Oberentfelden</subfield><subfield code="b">Sauerländer</subfield><subfield code="c">2010</subfield></datafield><datafield tag="300" ind1=" " ind2=" "><subfield code="a">128  Seiten</subfield><subfield code="c">297 mm x 210 mm</subfield><subfield code="e">1 CD-ROM (12 cm)</subfield></datafield><datafield tag="490" ind1="0" ind2=" "><subfield code="a">Pädagogik bei Sauerländer : Praxis</subfield></datafield><datafield tag="650" ind1=" " ind2="7"><subfield code="a">Schulpädagogik</subfield><subfield code="0">(DE-Frei129)00032083</subfield><subfield code="0">(DE-588)4077208-1</subfield><subfield code="2">gnd</subfield></datafield><datafield tag="650" ind1=" " ind2="7"><subfield code="a">Lernmotivation</subfield><subfield code="0">(DE-Frei129)00030312</subfield><subfield code="0">(DE-588)4074164-3</subfield><subfield code="2">gnd</subfield></datafield><datafield tag="650" ind1=" " ind2="7"><subfield code="a">Selbstgesteuertes Lernen</subfield><subfield code="0">(DE-Frei129)00050516</subfield><subfield code="0">(DE-588)4180834-4</subfield><subfield code="2">gnd</subfield></datafield><datafield tag="655" ind1=" " ind2="7"><subfield code="a">Lehrmittel</subfield><subfield code="0">(DE-Frei129)00000023</subfield><subfield code="2">local</subfield></datafield><datafield tag="655" ind1=" " ind2="7"><subfield code="a">CD-ROM</subfield><subfield code="0">(DE-Frei129)00000071</subfield><subfield code="2">local</subfield></datafield><datafield tag="689" ind1="0" ind2="0"><subfield code="0">(DE-588)4077208-1</subfield><subfield code="D">s</subfield><subfield code="a">Schulpädagogik </subfield></datafield><datafield tag="689" ind1="0" ind2="1"><subfield code="0">(DE-588)4074164-3</subfield><subfield code="D">s</subfield><subfield code="a">Lernmotivation </subfield></datafield><datafield tag="689" ind1="0" ind2="2"><subfield code="0">(DE-588)4180834-4</subfield><subfield code="D">s</subfield><subfield code="a">Selbstgesteuertes Lernen</subfield><subfield code="5">DE-101</subfield></datafield><datafield tag="689" ind1="1" ind2="0"><subfield code="0">(DE-588)4180834-4</subfield><subfield code="D">s</subfield><subfield code="a">Selbstgesteuertes Lernen </subfield></datafield><datafield tag="689" ind1="1" ind2="1"><subfield code="A">s</subfield><subfield code="a">Lehrmittel </subfield></datafield><datafield tag="689" ind1="1" ind2="2"><subfield code="A">s</subfield><subfield code="a">CD-ROM</subfield><subfield code="5">DE-101</subfield></datafield><datafield tag="700" ind1="1" ind2=" "><subfield code="0">(DE-Frei129)03002899</subfield><subfield code="a">Zgraggen, Sandra</subfield><subfield code="4">aut</subfield></datafield><datafield tag="852" ind1=" " ind2=" "><subfield code="a">Frei 129</subfield><subfield code="b">PHFR</subfield><subfield code="c">Paed H 540: 192</subfield></datafield><datafield tag="856" ind1="4" ind2=" "><subfield code="8">00</subfield><subfield code="u">http://bvbr.bib-bvb.de:8991/F?func=service&amp;doc_library=BVB01&amp;doc_number=017680109&amp;line_number=0001&amp;func_code=DB_RECORDS&amp;service_type=MEDIA</subfield><subfield code="y">Inhaltsverzeichnis</subfield></datafield><datafield tag="980" ind1="0" ind2=" "><subfield code="a">00204995</subfield><subfield code="9">(PHFR)</subfield><subfield code="b">EG-Anbau (32)</subfield><subfield code="c">Paed H 540: 192</subfield><subfield code="d">Standardleihe (01)</subfield><subfield code="e">Verfügbar (X)</subfield></datafield></record>