
<record><leader>07899nam a2200000uu 4500</leader><controlfield tag="001">03016891</controlfield><controlfield tag="003">DE-Frei129</controlfield><controlfield tag="005">20220811084021.0</controlfield><controlfield tag="007">tu</controlfield><controlfield tag="008">110119s2010    ||||||||||||||||||||ger||</controlfield><datafield tag="015" ind1=" " ind2=" "><subfield code="a">11,N03</subfield></datafield><datafield tag="016" ind1="7" ind2=" "><subfield code="a">1009538934</subfield><subfield code="2">DE-101</subfield></datafield><datafield tag="020" ind1=" " ind2=" "><subfield code="a">9783899585483</subfield><subfield code="9">9783899585483</subfield><subfield code="c">kart. : EUR 29.00 (DE)</subfield></datafield><datafield tag="024" ind1="3" ind2=" "><subfield code="a">9783899585483</subfield></datafield><datafield tag="035" ind1=" " ind2=" "><subfield code="a">(DE-576)644323329</subfield></datafield><datafield tag="041" ind1=" " ind2=" "><subfield code="a">ger</subfield></datafield><datafield tag="044" ind1=" " ind2=" "><subfield code="c">XA-DE-HE</subfield></datafield><datafield tag="100" ind1="1" ind2=" "><subfield code="a">De Florio-Hansen, Inez</subfield><subfield code="0">(DE-Frei129)00509430</subfield><subfield code="0">(DE-588)114174148</subfield></datafield><datafield tag="245" ind1="1" ind2="0"><subfield code="a">Fortbildungshandreichung zu den Bildungsstandards Englisch und Französisch</subfield><subfield code="b">[mit] [Material-DVD Print/Audio/Video]</subfield><subfield code="c">Inez de Florio-Hansen; Bernd Klewitz. [Unter Mitarb. der Arbeitsgruppe Bildungsstandards E/F: Altmann, Tobias ...]. [Hessen, Hessisches Kultusministerium]</subfield></datafield><datafield tag="260" ind1="3" ind2=" "><subfield code="a">Kassel, Hess</subfield><subfield code="b">Organic Computing</subfield><subfield code="c">2010</subfield></datafield><datafield tag="300" ind1=" " ind2=" "><subfield code="a">297 Seiten</subfield><subfield code="b">graph. Darst.</subfield><subfield code="c">24 cm</subfield><subfield code="e">1 DVD-ROM (12 cm)</subfield></datafield><datafield tag="500" ind1=" " ind2=" "><subfield code="a">Literaturverz.: S. 289 - 297</subfield></datafield><datafield tag="500" ind1=" " ind2=" "><subfield code="a">DVD-Beil. enth. sämtliche für die Hand der Teilnehmenden bestimmten Materialien (insbesondere Arbeitsaufträge und sonstige Handouts), Slides der PPT-Vorträge (auch als Overhead-Folien), videographierte Unterrichtsausschnitte, Lösungsvorschläge und Glossar</subfield></datafield><datafield tag="500" ind1=" " ind2=" "><subfield code="a">IMD-Felder maschinell generiert (GBV)</subfield></datafield><datafield tag="650" ind1=" " ind2="7"><subfield code="a">Englischunterricht</subfield><subfield code="0">(DE-Frei129)00006965</subfield><subfield code="0">(DE-588)4014801-4</subfield><subfield code="2">gnd</subfield></datafield><datafield tag="650" ind1=" " ind2="7"><subfield code="a">Französischunterricht</subfield><subfield code="0">(DE-Frei129)00008578</subfield><subfield code="0">(DE-588)4018198-4</subfield><subfield code="2">gnd</subfield></datafield><datafield tag="650" ind1=" " ind2="7"><subfield code="a">Bildungsstandard</subfield><subfield code="0">(DE-Frei129)00042205</subfield><subfield code="0">(DE-588)4782311-2</subfield><subfield code="2">gnd</subfield></datafield><datafield tag="650" ind1=" " ind2="7"><subfield code="a">Lehrerfortbildung</subfield><subfield code="0">(DE-Frei129)00015167</subfield><subfield code="0">(DE-588)4035096-4</subfield><subfield code="2">gnd</subfield></datafield><datafield tag="689" ind1="0" ind2="0"><subfield code="0">(DE-588)4014801-4</subfield><subfield code="D">s</subfield><subfield code="a">Englischunterricht </subfield></datafield><datafield tag="689" ind1="0" ind2="1"><subfield code="0">(DE-588)4018198-4</subfield><subfield code="D">s</subfield><subfield code="a">Französischunterricht </subfield></datafield><datafield tag="689" ind1="0" ind2="2"><subfield code="0">(DE-588)4782311-2</subfield><subfield code="D">s</subfield><subfield code="a">Bildungsstandard </subfield></datafield><datafield tag="689" ind1="0" ind2="3"><subfield code="0">(DE-588)4035096-4</subfield><subfield code="D">s</subfield><subfield code="a">Lehrerfortbildung</subfield><subfield code="5">DE-101</subfield></datafield><datafield tag="700" ind1="1" ind2=" "><subfield code="0">(DE-588)121142175</subfield><subfield code="0">(DE-Frei129)01047111</subfield><subfield code="a">Klewitz, Bernd</subfield><subfield code="4">aut</subfield></datafield><datafield tag="700" ind1="1" ind2=" "><subfield code="0">(DE-Frei129)00990090</subfield><subfield code="a">Altmann, Tobias</subfield><subfield code="4">oth</subfield></datafield><datafield tag="700" ind1="1" ind2=" "><subfield code="0">(DE-Frei129)01200873</subfield><subfield code="a">Wolf-Zappek, Sabine</subfield><subfield code="4">oth</subfield></datafield><datafield tag="700" ind1="1" ind2=" "><subfield code="0">(DE-Frei129)01200905</subfield><subfield code="a">Zalzadeh, Sabine</subfield><subfield code="4">oth</subfield></datafield><datafield tag="700" ind1="1" ind2=" "><subfield code="0">(DE-Frei129)00815284</subfield><subfield code="a">Bauer, Wolfgang</subfield><subfield code="4">oth</subfield></datafield><datafield tag="700" ind1="1" ind2=" "><subfield code="0">(DE-Frei129)00153914</subfield><subfield code="a">Feick, Rita</subfield><subfield code="4">oth</subfield></datafield><datafield tag="700" ind1="1" ind2=" "><subfield code="0">(DE-Frei129)01052587</subfield><subfield code="a">Grevsmühl, Gabriele</subfield><subfield code="4">oth</subfield></datafield><datafield tag="700" ind1="1" ind2=" "><subfield code="0">(DE-Frei129)01200901</subfield><subfield code="a">Marth, Regina</subfield><subfield code="4">oth</subfield></datafield><datafield tag="700" ind1="1" ind2=" "><subfield code="0">(DE-Frei129)01200902</subfield><subfield code="a">Rossdeutsch, Tamara</subfield><subfield code="4">oth</subfield></datafield><datafield tag="700" ind1="1" ind2=" "><subfield code="0">(DE-Frei129)00535390</subfield><subfield code="a">Schäfer, Susanne</subfield><subfield code="4">oth</subfield></datafield><datafield tag="700" ind1="1" ind2=" "><subfield code="0">(DE-Frei129)01200903</subfield><subfield code="a">Schneidhofer, Annette</subfield><subfield code="4">oth</subfield></datafield><datafield tag="700" ind1="1" ind2=" "><subfield code="0">(DE-Frei129)01200904</subfield><subfield code="a">Weinhold, Gerlinde</subfield><subfield code="4">oth</subfield></datafield><datafield tag="710" ind1="2" ind2=" "><subfield code="0">(DE-Frei129)00003042</subfield><subfield code="0">(DE-588)2028698-3</subfield><subfield code="a">Hessen</subfield><subfield code="b">Hessisches Kultusministerium</subfield><subfield code="4">oth</subfield></datafield><datafield tag="852" ind1=" " ind2=" "><subfield code="a">Frei 129</subfield><subfield code="b">PHFR</subfield><subfield code="c">ES 767 D278</subfield></datafield><datafield tag="856" ind1="4" ind2=" "><subfield code="8">00</subfield><subfield code="u">http://d-nb.info/1009538934/04</subfield><subfield code="y">Kurzbeschreibung des Verlags</subfield></datafield><datafield tag="856" ind1="4" ind2=" "><subfield code="8">01</subfield><subfield code="u">http://www.upress.uni-kassel.de/publi/abstract.php?978-3-89958-548-3</subfield><subfield code="y">Verlagsinformation</subfield></datafield><datafield tag="856" ind1="4" ind2=" "><subfield code="8">02</subfield><subfield code="u">http://d-nb.info/1009538934/04</subfield><subfield code="y">Inhaltsverzeichnis</subfield></datafield><datafield tag="980" ind1="0" ind2=" "><subfield code="a">00217630</subfield><subfield code="9">(PHFR)</subfield><subfield code="b">2.OG (35)</subfield><subfield code="c">ES 767 D278</subfield><subfield code="d">Standardleihe (01)</subfield><subfield code="e">Verfügbar (X)</subfield></datafield></record>