
<record><leader>05052nam a2200000uu 4500</leader><controlfield tag="001">03015700</controlfield><controlfield tag="003">DE-Frei129</controlfield><controlfield tag="005">20220811084022.0</controlfield><controlfield tag="007">tu</controlfield><controlfield tag="008">101013s2010    ||||||||||||||||||||ger||</controlfield><datafield tag="015" ind1=" " ind2=" "><subfield code="a">12,A08</subfield></datafield><datafield tag="016" ind1="7" ind2=" "><subfield code="a">1007493518</subfield><subfield code="2">DE-101</subfield></datafield><datafield tag="020" ind1=" " ind2=" "><subfield code="a">9783039056361</subfield><subfield code="9">9783039056361</subfield><subfield code="c">kart. : EUR 16.00 (DE), sfr 24.00 (freier Pr.)</subfield></datafield><datafield tag="024" ind1="3" ind2=" "><subfield code="a">9783039056361</subfield></datafield><datafield tag="035" ind1=" " ind2=" "><subfield code="a">(DE-576)63669674X</subfield></datafield><datafield tag="041" ind1=" " ind2=" "><subfield code="a">ger</subfield></datafield><datafield tag="044" ind1=" " ind2=" "><subfield code="c">XA-CH</subfield></datafield><datafield tag="100" ind1="1" ind2=" "><subfield code="a">Büchel, Fredi P.</subfield><subfield code="0">(DE-Frei129)00008228</subfield><subfield code="0">(DE-588)120376075</subfield></datafield><datafield tag="245" ind1="1" ind2="0"><subfield code="a">DELV - das eigene Lernen verstehen</subfield><subfield code="b">ein Programm zur Förderung des Lernens für Jugendliche und Erwachsene</subfield><subfield code="c">Fredi P. Büchel; Patrick Büchel</subfield></datafield><datafield tag="250" ind1=" " ind2=" "><subfield code="a">4., überarb. Aufl.</subfield></datafield><datafield tag="260" ind1="3" ind2=" "><subfield code="a">Bern</subfield><subfield code="b">hep-Verl.</subfield><subfield code="c">2010</subfield></datafield><datafield tag="300" ind1=" " ind2=" "><subfield code="a">165 Seiten</subfield><subfield code="b">Ill.</subfield><subfield code="c">30 cm</subfield></datafield><datafield tag="500" ind1=" " ind2=" "><subfield code="a">IMD-Felder maschinell generiert (GBV)</subfield></datafield><datafield tag="650" ind1=" " ind2="7"><subfield code="a">Mnemotechnik</subfield><subfield code="0">(DE-Frei129)00030324</subfield><subfield code="0">(DE-588)4138649-8</subfield><subfield code="2">gnd</subfield></datafield><datafield tag="650" ind1=" " ind2="7"><subfield code="a">Übung</subfield><subfield code="0">(DE-Frei129)00024335</subfield><subfield code="0">(DE-588)4131557-1</subfield><subfield code="2">gnd</subfield></datafield><datafield tag="650" ind1=" " ind2="7"><subfield code="a">Lerntechnik</subfield><subfield code="0">(DE-Frei129)00007797</subfield><subfield code="0">(DE-588)4074168-0</subfield><subfield code="2">gnd</subfield></datafield><datafield tag="650" ind1=" " ind2="7"><subfield code="a">Allgemein</subfield><subfield code="0">(DE-Frei129)02009380</subfield><subfield code="2">local</subfield></datafield><datafield tag="650" ind1=" " ind2="7"><subfield code="a">Hardback</subfield><subfield code="0">(DE-Frei129)14259464</subfield><subfield code="2">local</subfield></datafield><datafield tag="689" ind1="0" ind2="0"><subfield code="0">(DE-588)4138649-8</subfield><subfield code="D">s</subfield><subfield code="a">Mnemotechnik </subfield></datafield><datafield tag="689" ind1="0" ind2="1"><subfield code="0">(DE-588)4131557-1</subfield><subfield code="D">s</subfield><subfield code="a">Übung</subfield><subfield code="5">DE-101</subfield></datafield><datafield tag="689" ind1="1" ind2="0"><subfield code="0">(DE-588)4074168-0</subfield><subfield code="D">s</subfield><subfield code="a">Lerntechnik </subfield></datafield><datafield tag="689" ind1="1" ind2="1"><subfield code="0">(DE-588)4131557-1</subfield><subfield code="D">s</subfield><subfield code="a">Übung</subfield><subfield code="5">DE-101</subfield></datafield><datafield tag="689" ind1="2" ind2="0"><subfield code="A">s</subfield><subfield code="a">Allgemein</subfield><subfield code="5">DE-101</subfield></datafield><datafield tag="689" ind1="3" ind2="0"><subfield code="A">s</subfield><subfield code="a">Hardback</subfield><subfield code="5">DE-101</subfield></datafield><datafield tag="700" ind1="1" ind2=" "><subfield code="0">(DE-588)1072530708</subfield><subfield code="0">(DE-Frei129)00122635</subfield><subfield code="a">Büchel, Patrick</subfield><subfield code="4">aut</subfield></datafield><datafield tag="852" ind1=" " ind2=" "><subfield code="a">Frei129</subfield><subfield code="c">Psy G 300: 213</subfield></datafield><datafield tag="856" ind1="4" ind2=" "><subfield code="8">00</subfield><subfield code="u">http://d-nb.info/1007493518/04</subfield><subfield code="y">Inhaltsverzeichnis</subfield></datafield><datafield tag="980" ind1="0" ind2=" "><subfield code="a">00229126</subfield><subfield code="9">(PHFR)</subfield><subfield code="b">EG-Anbau (32)</subfield><subfield code="c">Psy G 300: 213</subfield><subfield code="d">Standardleihe (01)</subfield><subfield code="e">Verfügbar (X)</subfield></datafield></record>