
<record><leader>04448nam a2200000uu 4500</leader><controlfield tag="001">03015604</controlfield><controlfield tag="003">DE-Frei129</controlfield><controlfield tag="005">20220811084022.0</controlfield><controlfield tag="007">tu</controlfield><controlfield tag="008">120507s2010    ||||||||||||||||||||ger||</controlfield><datafield tag="020" ind1=" " ind2=" "><subfield code="a">9783837020274</subfield><subfield code="9">978-3-8370-2027-4</subfield></datafield><datafield tag="035" ind1=" " ind2=" "><subfield code="a">(DE-576)1434585174</subfield></datafield><datafield tag="041" ind1=" " ind2=" "><subfield code="a">ger</subfield></datafield><datafield tag="044" ind1=" " ind2=" "><subfield code="c">XA-DE-SH</subfield></datafield><datafield tag="100" ind1="1" ind2=" "><subfield code="a">Siegmund, Michael</subfield><subfield code="0">(DE-Frei129)00530202</subfield></datafield><datafield tag="245" ind1="1" ind2="0"><subfield code="a">Pädagogische Grundlagen der Angewandten Kindheitswissenschaften</subfield><subfield code="b">16 Seminar-Lektionen mit Denkimpulsen und Transferaufgaben</subfield><subfield code="c">Michael Siegmund; Joachim Bröcher</subfield></datafield><datafield tag="250" ind1=" " ind2=" "><subfield code="a">2., vollständig überarb. Aufl.</subfield></datafield><datafield tag="260" ind1="3" ind2=" "><subfield code="a">Norderstedt</subfield><subfield code="b">Books on Demand</subfield><subfield code="c">2010</subfield></datafield><datafield tag="300" ind1=" " ind2=" "><subfield code="a">337  Seiten</subfield><subfield code="b">Ill.</subfield><subfield code="c">220 mm x 170 mm, 660 gr.</subfield></datafield><datafield tag="490" ind1="1" ind2=" "><subfield code="a">Stendaler Studienmaterialien</subfield><subfield code="v">1</subfield></datafield><datafield tag="500" ind1=" " ind2=" "><subfield code="a">5090:c1zwfh</subfield></datafield><datafield tag="650" ind1=" " ind2="7"><subfield code="a">Pädagogik</subfield><subfield code="0">(DE-Frei129)00007310</subfield><subfield code="0">(DE-588)4044302-4</subfield><subfield code="2">gnd</subfield></datafield><datafield tag="650" ind1=" " ind2="7"><subfield code="a">Geschichte</subfield><subfield code="0">(DE-Frei129)00009489</subfield><subfield code="0">(DE-588)4020517-4</subfield><subfield code="2">gnd</subfield></datafield><datafield tag="655" ind1=" " ind2="7"><subfield code="a">Lehrmittel</subfield><subfield code="0">(DE-Frei129)00000023</subfield><subfield code="2">local</subfield></datafield><datafield tag="689" ind1="0" ind2="0"><subfield code="0">(DE-588)4044302-4</subfield><subfield code="D">s</subfield><subfield code="a">Pädagogik </subfield></datafield><datafield tag="689" ind1="0" ind2="1"><subfield code="0">(DE-588)4020517-4</subfield><subfield code="D">s</subfield><subfield code="a">Geschichte </subfield></datafield><datafield tag="689" ind1="0" ind2="2"><subfield code="A">s</subfield><subfield code="a">Lehrmittel</subfield><subfield code="5">DE-101</subfield></datafield><datafield tag="700" ind1="1" ind2=" "><subfield code="0">(DE-588)115268448</subfield><subfield code="0">(DE-Frei129)00529615</subfield><subfield code="a">Bröcher, Joachim</subfield><subfield code="4">aut</subfield></datafield><datafield tag="830" ind1=" " ind2="0"><subfield code="a">Stendaler Studienmaterialien</subfield><subfield code="v">1</subfield><subfield code="w">(DE-Frei129)16042792</subfield><subfield code="9">11</subfield></datafield><datafield tag="852" ind1=" " ind2=" "><subfield code="a">Frei129</subfield><subfield code="c">Paed C 50: 66 a</subfield></datafield><datafield tag="856" ind1="4" ind2=" "><subfield code="8">00</subfield><subfield code="u">http://d-nb.info/996419233/04</subfield><subfield code="y">Inhaltsverzeichnis</subfield></datafield><datafield tag="856" ind1="4" ind2=" "><subfield code="8">01</subfield><subfield code="u">http://deposit.d-nb.de/cgi-bin/dokserv?id=3350258&amp;prov=M&amp;dok_var=1&amp;dok_ext=htm</subfield><subfield code="y">Inhaltstext</subfield></datafield><datafield tag="856" ind1="4" ind2=" "><subfield code="8">02</subfield><subfield code="u">01 Inhaltstext</subfield></datafield><datafield tag="980" ind1="0" ind2=" "><subfield code="a">00228083</subfield><subfield code="9">(PHFR)</subfield><subfield code="b">EG-Anbau (32)</subfield><subfield code="c">Paed C 50: 66 a</subfield><subfield code="d">Standardleihe (01)</subfield><subfield code="e">Verfügbar (X)</subfield></datafield></record>