
<record><leader>02596nam a2200000uu 4500</leader><controlfield tag="001">03013505</controlfield><controlfield tag="003">DE-Frei129</controlfield><controlfield tag="005">20220811084022.0</controlfield><controlfield tag="007">tu</controlfield><controlfield tag="008">111202s2010    ||||||||||||||||||||ger||</controlfield><datafield tag="015" ind1=" " ind2=" "><subfield code="a">10,A04</subfield></datafield><datafield tag="016" ind1="7" ind2=" "><subfield code="a">995469024</subfield><subfield code="2">DE-101</subfield></datafield><datafield tag="020" ind1=" " ind2=" "><subfield code="a">9783867608008</subfield><subfield code="9">9783867608008</subfield><subfield code="c">kart. : EUR 22.80 (DE), EUR 22.80 (AT)</subfield></datafield><datafield tag="024" ind1="3" ind2=" "><subfield code="a">9783867608008</subfield></datafield><datafield tag="035" ind1=" " ind2=" "><subfield code="a">(DE-576)649625749</subfield></datafield><datafield tag="041" ind1=" " ind2=" "><subfield code="a">ger</subfield></datafield><datafield tag="100" ind1="1" ind2=" "><subfield code="a">Sachs, Ingrid</subfield><subfield code="0">(DE-Frei129)00545994</subfield><subfield code="4">aut</subfield></datafield><datafield tag="245" ind1="1" ind2="0"><subfield code="a">Weihnachten in der 1. und 2. Klasse</subfield><subfield code="c">Ingrid Sachs. [Ill.: Sabine Scholbeck; Petra Müller]</subfield></datafield><datafield tag="250" ind1=" " ind2=" "><subfield code="a">4. Aufl.</subfield></datafield><datafield tag="260" ind1="3" ind2=" "><subfield code="a">Garching b. München</subfield><subfield code="b">Hase und Igel Verl.</subfield><subfield code="c">2010</subfield></datafield><datafield tag="300" ind1=" " ind2=" "><subfield code="a">136 Seiten</subfield><subfield code="b">zahlr. Ill., Notenbeisp.</subfield><subfield code="c">30 cm</subfield></datafield><datafield tag="490" ind1="0" ind2=" "><subfield code="a">Materialien für den Unterricht</subfield></datafield><datafield tag="500" ind1=" " ind2=" "><subfield code="a">IMD-Felder maschinell generiert (GBV)</subfield></datafield><datafield tag="852" ind1=" " ind2=" "><subfield code="a">Frei 129</subfield><subfield code="b">PHFR</subfield><subfield code="c">BU 4700 S121 (4)</subfield></datafield><datafield tag="980" ind1="0" ind2=" "><subfield code="a">00429152</subfield><subfield code="9">(PHFR)</subfield><subfield code="b">UG (33)</subfield><subfield code="c">BU 4700 S121 (4)</subfield><subfield code="d">Standardleihe (01)</subfield><subfield code="e">Verfügbar (X)</subfield><subfield code="x">5. Auflage 2015</subfield></datafield></record>