
<record><leader>02147nam a2200000uuc4500</leader><controlfield tag="001">03013386</controlfield><controlfield tag="003">DE-Frei129</controlfield><controlfield tag="005">20220811084022.0</controlfield><controlfield tag="007">tu</controlfield><controlfield tag="008">101109s2010    |||||||||||||||||||||||||</controlfield><datafield tag="020" ind1=" " ind2=" "><subfield code="a">9783403062585</subfield><subfield code="9">978-3-403-06258-5</subfield></datafield><datafield tag="035" ind1=" " ind2=" "><subfield code="a">(DE-576)1403230870</subfield></datafield><datafield tag="044" ind1=" " ind2=" "><subfield code="c">XA-DE-BY</subfield></datafield><datafield tag="245" ind1="1" ind2="0"><subfield code="a">Sachunterricht an Stationen</subfield><subfield code="b">handlungsorientierte Materialien zu den Kernthemen der Klasse ...; [ideal auch für die Freiarbeit; Grundschule]</subfield><subfield code="n">1</subfield><subfield code="c">Kristina Eselgrimm; Manuela Leitzig</subfield></datafield><datafield tag="250" ind1=" " ind2=" "><subfield code="a">2. Aufl.</subfield></datafield><datafield tag="260" ind1="3" ind2=" "><subfield code="a">Donauwörth</subfield><subfield code="b">Auer</subfield><subfield code="c">2010</subfield></datafield><datafield tag="300" ind1=" " ind2=" "><subfield code="a">68  Seiten</subfield></datafield><datafield tag="700" ind1="1" ind2=" "><subfield code="0">(DE-588)138651051</subfield><subfield code="0">(DE-Frei129)00554235</subfield><subfield code="a">Eselgrimm, Kristina</subfield><subfield code="4">aut</subfield></datafield><datafield tag="773" ind1="0" ind2="8"><subfield code="w">(DE-Frei129)03013387</subfield><subfield code="q">1112</subfield></datafield><datafield tag="852" ind1=" " ind2=" "><subfield code="a">Frei129</subfield><subfield code="c">Paed M 40: 93,1</subfield></datafield><datafield tag="980" ind1="0" ind2=" "><subfield code="a">00014307</subfield><subfield code="9">(PHFR)</subfield><subfield code="b">EG-Anbau (32)</subfield><subfield code="c">Paed M 40: 93,1</subfield><subfield code="d">Standardleihe (01)</subfield><subfield code="e">Verfügbar (X)</subfield></datafield></record>