
<record><leader>04786nam a2200000uu 4500</leader><controlfield tag="001">03012700</controlfield><controlfield tag="003">DE-Frei129</controlfield><controlfield tag="005">20220811084022.0</controlfield><controlfield tag="007">tu</controlfield><controlfield tag="008">100518s2010    |||||||||m||||||||||ger||</controlfield><datafield tag="015" ind1=" " ind2=" "><subfield code="a">10,N14</subfield></datafield><datafield tag="016" ind1="7" ind2=" "><subfield code="a">1001215214</subfield><subfield code="2">DE-101</subfield></datafield><datafield tag="020" ind1=" " ind2=" "><subfield code="a">9783830050728</subfield><subfield code="9">978-3-8300-5072-8</subfield><subfield code="c">PB. : EUR 88.00</subfield></datafield><datafield tag="024" ind1="3" ind2=" "><subfield code="a">9783830050728</subfield></datafield><datafield tag="035" ind1=" " ind2=" "><subfield code="a">(DE-576)1603049363</subfield></datafield><datafield tag="041" ind1=" " ind2=" "><subfield code="a">ger</subfield></datafield><datafield tag="044" ind1=" " ind2=" "><subfield code="c">XA-DE-HH</subfield></datafield><datafield tag="100" ind1="1" ind2=" "><subfield code="a">Böhm, Jan</subfield><subfield code="0">(DE-Frei129)03001960</subfield><subfield code="0">(DE-588)141404590</subfield></datafield><datafield tag="245" ind1="1" ind2="0"><subfield code="a">Pädagogische Valenzen des schulspezifischen Geschehens im Umfeld des Unterrichts</subfield><subfield code="b">ausgewählte Beobachtungen und Interpretationen</subfield><subfield code="c">Jan Böhm</subfield></datafield><datafield tag="260" ind1="3" ind2=" "><subfield code="a">Hamburg</subfield><subfield code="b">Kovac</subfield><subfield code="c">2010</subfield></datafield><datafield tag="300" ind1=" " ind2=" "><subfield code="a">345  Seiten</subfield><subfield code="b">Ill.</subfield><subfield code="c">210 mm x 148 mm, 429 gr.</subfield></datafield><datafield tag="490" ind1="1" ind2=" "><subfield code="a">Studien zur Schulpädagogik </subfield><subfield code="v">66</subfield></datafield><datafield tag="500" ind1=" " ind2=" "><subfield code="a">5090: ddsu/sred</subfield></datafield><datafield tag="502" ind1=" " ind2=" "><subfield code="a">Zugl.: Dresden, Techn. Univ, Fak. Erziehungswissenschaften, Diss., 2010</subfield></datafield><datafield tag="650" ind1=" " ind2="7"><subfield code="a">Schulverpflegung</subfield><subfield code="0">(DE-Frei129)00066886</subfield><subfield code="0">(DE-588)4180221-4</subfield><subfield code="2">gnd</subfield></datafield><datafield tag="650" ind1=" " ind2="7"><subfield code="a">Schulweg</subfield><subfield code="0">(DE-Frei129)00066994</subfield><subfield code="0">(DE-588)4180231-7</subfield><subfield code="2">gnd</subfield></datafield><datafield tag="650" ind1=" " ind2="7"><subfield code="a">Schulpädagogik</subfield><subfield code="0">(DE-Frei129)00032083</subfield><subfield code="0">(DE-588)4077208-1</subfield><subfield code="2">gnd</subfield></datafield><datafield tag="689" ind1="0" ind2="0"><subfield code="0">(DE-588)4180221-4</subfield><subfield code="D">s</subfield><subfield code="a">Schulverpflegung </subfield></datafield><datafield tag="689" ind1="0" ind2="1"><subfield code="0">(DE-588)4180231-7</subfield><subfield code="D">s</subfield><subfield code="a">Schulweg </subfield></datafield><datafield tag="689" ind1="0" ind2="2"><subfield code="0">(DE-588)4077208-1</subfield><subfield code="D">s</subfield><subfield code="a">Schulpädagogik</subfield><subfield code="5">DE-101</subfield></datafield><datafield tag="830" ind1=" " ind2="0"><subfield code="a">Schriftenreihe Studien zur Schulpädagogik</subfield><subfield code="v">66</subfield><subfield code="w">(DE-Frei129)00189762</subfield><subfield code="9">266</subfield></datafield><datafield tag="852" ind1=" " ind2=" "><subfield code="a">Frei129</subfield><subfield code="c">Paed L 970: 4</subfield></datafield><datafield tag="856" ind1="4" ind2=" "><subfield code="8">00</subfield><subfield code="u">http://swbplus.bsz-bw.de/bsz323229840cov.htm</subfield><subfield code="y">Cover</subfield></datafield><datafield tag="856" ind1="4" ind2=" "><subfield code="8">01</subfield><subfield code="u">http://www.verlagdrkovac.de/978-3-8300-5072-8.htm</subfield><subfield code="y">Ausführliche Beschreibung</subfield></datafield><datafield tag="856" ind1="4" ind2=" "><subfield code="8">02</subfield><subfield code="u">http://d-nb.info/1001215214/04</subfield><subfield code="y">Inhaltsverzeichnis</subfield></datafield><datafield tag="980" ind1="0" ind2=" "><subfield code="a">00204953</subfield><subfield code="9">(PHFR)</subfield><subfield code="b">EG-Anbau (32)</subfield><subfield code="c">Paed L 970: 4</subfield><subfield code="d">Standardleihe (01)</subfield><subfield code="e">Verfügbar (X)</subfield></datafield></record>