
<record><leader>02129nam a2200000uuc4500</leader><controlfield tag="001">03012665</controlfield><controlfield tag="003">DE-Frei129</controlfield><controlfield tag="005">20220811084022.0</controlfield><controlfield tag="007">tu</controlfield><controlfield tag="008">101109s2010    ||||||||||||||||||||ger||</controlfield><datafield tag="020" ind1=" " ind2=" "><subfield code="a">9783834606266</subfield><subfield code="9">9783834606266</subfield></datafield><datafield tag="035" ind1=" " ind2=" "><subfield code="a">(DE-576)140322000X</subfield></datafield><datafield tag="041" ind1=" " ind2=" "><subfield code="a">ger</subfield></datafield><datafield tag="044" ind1=" " ind2=" "><subfield code="c">XA-DE-NW</subfield></datafield><datafield tag="100" ind1="1" ind2=" "><subfield code="a">Blahak, Gerlinde</subfield><subfield code="0">(DE-Frei129)00137227</subfield><subfield code="0">(DE-588)123321603</subfield></datafield><datafield tag="245" ind1="1" ind2="0"><subfield code="a">30 x Kunst für 45 Minuten</subfield><subfield code="n">3/4</subfield><subfield code="p">Klasse 3/4 / Gerlinde Blahak</subfield></datafield><datafield tag="260" ind1="3" ind2=" "><subfield code="a">Mülheim</subfield><subfield code="b">Verlag an der Ruhr</subfield><subfield code="c">2010</subfield></datafield><datafield tag="300" ind1=" " ind2=" "><subfield code="a">96 Seiten</subfield></datafield><datafield tag="500" ind1=" " ind2=" "><subfield code="a">Archivierung/Langzeitarchivierung gewährleistet</subfield></datafield><datafield tag="773" ind1="0" ind2="8"><subfield code="w">(DE-Frei129)03012664</subfield><subfield code="q">3/4</subfield></datafield><datafield tag="852" ind1=" " ind2=" "><subfield code="a">Frei 129</subfield><subfield code="b">PHFR</subfield><subfield code="c">LH 61290 A111 -3/4</subfield></datafield><datafield tag="980" ind1="0" ind2=" "><subfield code="a">00214589</subfield><subfield code="9">(PHFR)</subfield><subfield code="b">2.OG (35)</subfield><subfield code="c">LH 61290 A111 -3/4</subfield><subfield code="d">Standardleihe (01)</subfield><subfield code="e">Verfügbar (X)</subfield></datafield></record>