
<record><leader>03864nam a2200000uu 4500</leader><controlfield tag="001">03012129</controlfield><controlfield tag="003">DE-Frei129</controlfield><controlfield tag="005">20220811084022.0</controlfield><controlfield tag="007">tu</controlfield><controlfield tag="008">101005s2010    |||||||||||||||||||||||||</controlfield><datafield tag="020" ind1=" " ind2=" "><subfield code="a">9780415478120</subfield><subfield code="9">978-0-415-47812-0</subfield><subfield code="c">(hbk.) £75.00</subfield></datafield><datafield tag="020" ind1=" " ind2=" "><subfield code="a">041547812X</subfield><subfield code="9">0-415-47812-X</subfield><subfield code="c">(hbk.) £75.00</subfield></datafield><datafield tag="020" ind1=" " ind2=" "><subfield code="a">9780415478137</subfield><subfield code="9">978-0-415-47813-7</subfield><subfield code="c">(pbk.) £22.99</subfield></datafield><datafield tag="020" ind1=" " ind2=" "><subfield code="a">0415478138</subfield><subfield code="9">0-415-47813-8</subfield><subfield code="c">(pbk.) £22.99</subfield></datafield><datafield tag="024" ind1="3" ind2=" "><subfield code="a">9780415478137</subfield></datafield><datafield tag="035" ind1=" " ind2=" "><subfield code="a">(DE-576)1605498416</subfield></datafield><datafield tag="245" ind1="1" ind2="0"><subfield code="a">Connecting inquiry and professional learning in education</subfield><subfield code="b">international perspectives and practical solutions</subfield><subfield code="c">ed. by Anne Campbell and Susan Groundwater-Smith</subfield></datafield><datafield tag="260" ind1="3" ind2=" "><subfield code="a">London [u.a.]</subfield><subfield code="b">Taylor &amp; Francis Ltd</subfield><subfield code="c">2010</subfield></datafield><datafield tag="300" ind1=" " ind2=" "><subfield code="a">XIV, 210  Seiten</subfield><subfield code="b">Ill.</subfield><subfield code="c">25 cm</subfield></datafield><datafield tag="500" ind1=" " ind2=" "><subfield code="a">Formerly CIP Uk. - Includes bibliographical references and index</subfield></datafield><datafield tag="650" ind1=" " ind2="7"><subfield code="a">Teachers</subfield><subfield code="x">Training of</subfield><subfield code="0">(DE-Frei129)01745257</subfield><subfield code="2">local</subfield></datafield><datafield tag="650" ind1=" " ind2="7"><subfield code="a">Inquiry-based learning</subfield><subfield code="0">(DE-Frei129)00436668</subfield><subfield code="2">local</subfield></datafield><datafield tag="689" ind1="0" ind2="0"><subfield code="A">s</subfield><subfield code="a">Teachers / Training of</subfield><subfield code="5">DE-101</subfield></datafield><datafield tag="689" ind1="1" ind2="0"><subfield code="A">s</subfield><subfield code="a">Inquiry-based learning</subfield><subfield code="5">DE-101</subfield></datafield><datafield tag="700" ind1="1" ind2=" "><subfield code="0">(DE-588)1057807877</subfield><subfield code="0">(DE-Frei129)00971270</subfield><subfield code="a">Campbell, Anne</subfield><subfield code="4">Hrsg.</subfield></datafield><datafield tag="700" ind1="1" ind2=" "><subfield code="0">(DE-Frei129)00385281</subfield><subfield code="a">Groundwater-Smith, Susan</subfield><subfield code="4">Hrsg.</subfield></datafield><datafield tag="852" ind1=" " ind2=" "><subfield code="a">Frei129</subfield><subfield code="c">Paed A 250: 61</subfield></datafield><datafield tag="856" ind1="4" ind2=" "><subfield code="8">00</subfield><subfield code="u">http://digitool.hbz-nrw.de:1801/webclient/DeliveryManager?pid=3674510</subfield><subfield code="y">Inhaltsverzeichnis</subfield></datafield><datafield tag="980" ind1="0" ind2=" "><subfield code="a">00213490</subfield><subfield code="9">(PHFR)</subfield><subfield code="b">EG-Anbau (32)</subfield><subfield code="c">Paed A 250: 61</subfield><subfield code="d">Standardleihe (01)</subfield><subfield code="e">Verfügbar (X)</subfield></datafield></record>