
<record><leader>04158nam a2200000uuc4500</leader><controlfield tag="001">03011805</controlfield><controlfield tag="003">DE-Frei129</controlfield><controlfield tag="005">20220811084022.0</controlfield><controlfield tag="007">tu</controlfield><controlfield tag="008">110518s2010    ||||||||||||||||||||ger||</controlfield><datafield tag="015" ind1=" " ind2=" "><subfield code="a">10,A51</subfield></datafield><datafield tag="016" ind1="7" ind2=" "><subfield code="a">1005645027</subfield><subfield code="2">DE-101</subfield></datafield><datafield tag="020" ind1=" " ind2=" "><subfield code="a">9783292006349</subfield><subfield code="9">9783292006349</subfield><subfield code="c">kart. : ca. EUR 18.50, ca. sfr 28.00 (freier Pr.)</subfield></datafield><datafield tag="024" ind1="3" ind2=" "><subfield code="a">9783292006349</subfield></datafield><datafield tag="035" ind1=" " ind2=" "><subfield code="a">(DE-576)1414616635</subfield></datafield><datafield tag="041" ind1=" " ind2=" "><subfield code="a">ger</subfield></datafield><datafield tag="044" ind1=" " ind2=" "><subfield code="c">XA-CH</subfield></datafield><datafield tag="245" ind1="1" ind2="0"><subfield code="a">Die Sprachtreppe</subfield><subfield code="b">den Deutsch-Unterricht in Kindergarten und Primarschule aufbauend gestalten</subfield><subfield code="n">Buch</subfield><subfield code="c">Ursina Gloor</subfield></datafield><datafield tag="250" ind1=" " ind2=" "><subfield code="a">1. Aufl.</subfield></datafield><datafield tag="260" ind1="3" ind2=" "><subfield code="a">Bern</subfield><subfield code="b">Schulverl. Plus</subfield><subfield code="c">2010</subfield></datafield><datafield tag="300" ind1=" " ind2=" "><subfield code="a">107  Seiten</subfield><subfield code="b">Ill.</subfield><subfield code="c">30 cm</subfield></datafield><datafield tag="490" ind1="0" ind2=" "><subfield code="a">Impulse zur Unterrichtsentwicklung</subfield></datafield><datafield tag="650" ind1=" " ind2="7"><subfield code="a">Deutschunterricht</subfield><subfield code="0">(DE-Frei129)00005880</subfield><subfield code="0">(DE-588)4011975-0</subfield><subfield code="2">gnd</subfield></datafield><datafield tag="650" ind1=" " ind2="7"><subfield code="a">Vorschulerziehung</subfield><subfield code="0">(DE-Frei129)00025677</subfield><subfield code="0">(DE-588)4064016-4</subfield><subfield code="2">gnd</subfield></datafield><datafield tag="650" ind1=" " ind2="7"><subfield code="a">Grundschule</subfield><subfield code="0">(DE-Frei129)00010240</subfield><subfield code="0">(DE-588)4022349-8</subfield><subfield code="2">gnd</subfield></datafield><datafield tag="650" ind1=" " ind2="7"><subfield code="a">Lernsequenz</subfield><subfield code="0">(DE-Frei129)00015280</subfield><subfield code="0">(DE-588)4125755-8</subfield><subfield code="2">gnd</subfield></datafield><datafield tag="689" ind1="0" ind2="0"><subfield code="0">(DE-588)4011975-0</subfield><subfield code="D">s</subfield><subfield code="a">Deutschunterricht </subfield></datafield><datafield tag="689" ind1="0" ind2="1"><subfield code="0">(DE-588)4064016-4</subfield><subfield code="D">s</subfield><subfield code="a">Vorschulerziehung </subfield></datafield><datafield tag="689" ind1="0" ind2="2"><subfield code="0">(DE-588)4022349-8</subfield><subfield code="D">s</subfield><subfield code="a">Grundschule </subfield></datafield><datafield tag="689" ind1="0" ind2="3"><subfield code="0">(DE-588)4125755-8</subfield><subfield code="D">s</subfield><subfield code="a">Lernsequenz</subfield><subfield code="5">DE-101</subfield></datafield><datafield tag="773" ind1="0" ind2="8"><subfield code="w">(DE-Frei129)03011806</subfield><subfield code="q">BUCH</subfield></datafield><datafield tag="852" ind1=" " ind2=" "><subfield code="a">Frei 129</subfield><subfield code="b">PHFR</subfield><subfield code="c">GB 2984 G562</subfield></datafield><datafield tag="980" ind1="0" ind2=" "><subfield code="a">00015077</subfield><subfield code="9">(PHFR)</subfield><subfield code="b">2.OG (35)</subfield><subfield code="c">GB 2984 G562</subfield><subfield code="d">Standardleihe (01)</subfield><subfield code="e">Verfügbar (X)</subfield></datafield></record>