
<record><leader>02201nam a2200000uuc4500</leader><controlfield tag="001">03011702</controlfield><controlfield tag="003">DE-Frei129</controlfield><controlfield tag="005">20220811084022.0</controlfield><controlfield tag="007">tu</controlfield><controlfield tag="008">110728s2010    ||||||||||||||||||||ger||</controlfield><datafield tag="020" ind1=" " ind2=" "><subfield code="a">9783896841889</subfield><subfield code="9">9783896841889</subfield></datafield><datafield tag="035" ind1=" " ind2=" "><subfield code="a">(DE-576)1417928662</subfield></datafield><datafield tag="041" ind1=" " ind2=" "><subfield code="a">ger</subfield></datafield><datafield tag="044" ind1=" " ind2=" "><subfield code="c">XA-DE-HH</subfield></datafield><datafield tag="245" ind1="1" ind2="0"><subfield code="a">Spielraum.Stadtraum</subfield><subfield code="n">Buch</subfield><subfield code="c">hrsg. vom Bundesverband Theater in Schulen e.V.</subfield></datafield><datafield tag="260" ind1="3" ind2=" "><subfield code="a">Hamburg</subfield><subfield code="b">Körber-Stiftung</subfield><subfield code="c">2010</subfield></datafield><datafield tag="300" ind1=" " ind2=" "><subfield code="a">106 Seiten</subfield><subfield code="b">Ill., Kt.</subfield></datafield><datafield tag="490" ind1="1" ind2=" "><subfield code="a">Fokus Schultheater </subfield><subfield code="v">09, Buch</subfield></datafield><datafield tag="773" ind1="0" ind2="8"><subfield code="w">(DE-Frei129)01582679</subfield><subfield code="q">11</subfield></datafield><datafield tag="830" ind1=" " ind2="0"><subfield code="a">Fokus Schultheater</subfield><subfield code="v">09, Buch</subfield><subfield code="w">(DE-Frei129)00247361</subfield><subfield code="9">209</subfield></datafield><datafield tag="852" ind1=" " ind2=" "><subfield code="a">Frei 129</subfield><subfield code="b">PHFR</subfield><subfield code="c">AP 69200 B942</subfield></datafield><datafield tag="980" ind1="0" ind2=" "><subfield code="a">00363299</subfield><subfield code="9">(PHFR)</subfield><subfield code="b">UG (33)</subfield><subfield code="c">AP 69200 B942</subfield><subfield code="d">Standardleihe (01)</subfield><subfield code="e">Verfügbar (X)</subfield></datafield></record>