
<record><leader>05239nam a2200000uu 4500</leader><controlfield tag="001">03011686</controlfield><controlfield tag="003">DE-Frei129</controlfield><controlfield tag="005">20220811084022.0</controlfield><controlfield tag="007">tu</controlfield><controlfield tag="008">101015s2010    ||||||||||||||||||||eng||</controlfield><datafield tag="015" ind1=" " ind2=" "><subfield code="a">10,A39</subfield></datafield><datafield tag="016" ind1="7" ind2=" "><subfield code="a">1005278784</subfield><subfield code="2">DE-101</subfield></datafield><datafield tag="020" ind1=" " ind2=" "><subfield code="a">9783631590140</subfield><subfield code="9">978-3-631-59014-0</subfield><subfield code="c">Pp. : EUR 42.80 (DE), EUR 44.00 (AT), sfr 62.00 (freier Pr.)</subfield></datafield><datafield tag="024" ind1="3" ind2=" "><subfield code="a">9783631590140</subfield></datafield><datafield tag="035" ind1=" " ind2=" "><subfield code="a">(DE-576)1605860271</subfield></datafield><datafield tag="041" ind1=" " ind2=" "><subfield code="a">eng</subfield><subfield code="a">ger</subfield></datafield><datafield tag="044" ind1=" " ind2=" "><subfield code="c">XA-DE-HE</subfield><subfield code="c">XA-CH</subfield><subfield code="c">XA-AT</subfield></datafield><datafield tag="245" ind1="1" ind2="0"><subfield code="a">Norms in educational linguistics</subfield><subfield code="b">linguistic, didactic and cultural perspectives</subfield><subfield code="c">ed. by  Stefanie Dose ...</subfield></datafield><datafield tag="246" ind1="1" ind2="1"><subfield code="a">Normen in Educational Linguistics</subfield></datafield><datafield tag="260" ind1="3" ind2=" "><subfield code="a">Frankfurt, M.; Berlin; Bern; Bruxelles; New York, NY; Oxford; Wien</subfield><subfield code="b">Lang</subfield><subfield code="c">2010</subfield></datafield><datafield tag="300" ind1=" " ind2=" "><subfield code="a">VI, 181  Seiten</subfield><subfield code="b">Ill., graph. Darst.</subfield><subfield code="c">22 cm</subfield></datafield><datafield tag="490" ind1="1" ind2=" "><subfield code="a">Language culture literacy </subfield><subfield code="v">3</subfield></datafield><datafield tag="500" ind1=" " ind2=" "><subfield code="a">Beitr., teilw. dt., teilw. engl. - Literaturangaben</subfield></datafield><datafield tag="650" ind1=" " ind2="7"><subfield code="a">Sprachpolitik</subfield><subfield code="0">(DE-Frei129)00032429</subfield><subfield code="0">(DE-588)4077732-7</subfield><subfield code="2">gnd</subfield></datafield><datafield tag="650" ind1=" " ind2="7"><subfield code="a">Sprachnorm</subfield><subfield code="0">(DE-Frei129)00022838</subfield><subfield code="0">(DE-588)4056483-6</subfield><subfield code="2">gnd</subfield></datafield><datafield tag="650" ind1=" " ind2="7"><subfield code="a">Fremdsprachenunterricht</subfield><subfield code="0">(DE-Frei129)00008718</subfield><subfield code="0">(DE-588)4018428-6</subfield><subfield code="2">gnd</subfield></datafield><datafield tag="651" ind1=" " ind2="7"><subfield code="a">Gießen</subfield><subfield code="g">2008</subfield><subfield code="0">(DE-Frei129)00194388</subfield><subfield code="2">local</subfield></datafield><datafield tag="655" ind1=" " ind2="7"><subfield code="a">Kongress</subfield><subfield code="0">(DE-Frei129)00000211</subfield><subfield code="2">local</subfield></datafield><datafield tag="689" ind1="0" ind2="0"><subfield code="0">(DE-588)4077732-7</subfield><subfield code="D">s</subfield><subfield code="a">Sprachpolitik </subfield></datafield><datafield tag="689" ind1="0" ind2="1"><subfield code="0">(DE-588)4056483-6</subfield><subfield code="D">s</subfield><subfield code="a">Sprachnorm </subfield></datafield><datafield tag="689" ind1="0" ind2="2"><subfield code="0">(DE-588)4018428-6</subfield><subfield code="D">s</subfield><subfield code="a">Fremdsprachenunterricht </subfield></datafield><datafield tag="689" ind1="0" ind2="3"><subfield code="A">s</subfield><subfield code="a">Kongress </subfield></datafield><datafield tag="689" ind1="0" ind2="4"><subfield code="A">s</subfield><subfield code="a">Gießen &lt;2008&gt;</subfield><subfield code="5">DE-101</subfield></datafield><datafield tag="700" ind1="1" ind2=" "><subfield code="0">(DE-588)142315915</subfield><subfield code="0">(DE-Frei129)03001749</subfield><subfield code="a">Dose, Stefanie</subfield><subfield code="4">Hrsg.</subfield></datafield><datafield tag="830" ind1=" " ind2="0"><subfield code="a">Language culture literacy</subfield><subfield code="v">3</subfield><subfield code="w">(DE-Frei129)00272012</subfield><subfield code="9">13</subfield></datafield><datafield tag="852" ind1=" " ind2=" "><subfield code="a">Frei 129</subfield><subfield code="b">PHFR</subfield><subfield code="c">ES 760 D722</subfield></datafield><datafield tag="856" ind1="4" ind2=" "><subfield code="8">00</subfield><subfield code="u">http://d-nb.info/1005278784/04</subfield><subfield code="y">Inhaltsverzeichnis</subfield></datafield><datafield tag="980" ind1="0" ind2=" "><subfield code="a">00387521</subfield><subfield code="9">(PHFR)</subfield><subfield code="b">2.OG (35)</subfield><subfield code="c">ES 760 D722</subfield><subfield code="d">Standardleihe (01)</subfield><subfield code="e">Verfügbar (X)</subfield></datafield></record>