
<record><leader>10344nam a2200000uu 4500</leader><controlfield tag="001">03011597</controlfield><controlfield tag="003">DE-Frei129</controlfield><controlfield tag="005">20220811084022.0</controlfield><controlfield tag="007">tu</controlfield><controlfield tag="008">101006s2010    |||||||||m||||||||||ger||</controlfield><datafield tag="015" ind1=" " ind2=" "><subfield code="a">10,A48</subfield></datafield><datafield tag="016" ind1="7" ind2=" "><subfield code="a">1007274743</subfield><subfield code="2">DE-101</subfield></datafield><datafield tag="020" ind1=" " ind2=" "><subfield code="a">9783830054504</subfield><subfield code="9">9783830054504</subfield><subfield code="c">: Pb. : EUR 98.00 (DE)</subfield></datafield><datafield tag="020" ind1=" " ind2=" "><subfield code="a">3830054505</subfield><subfield code="9">3830054505</subfield><subfield code="c">Pb. : EUR 98.00 (DE)</subfield></datafield><datafield tag="024" ind1="3" ind2=" "><subfield code="a">9783830054504</subfield></datafield><datafield tag="035" ind1=" " ind2=" "><subfield code="a">(DE-576)636259811</subfield></datafield><datafield tag="041" ind1=" " ind2=" "><subfield code="a">ger</subfield></datafield><datafield tag="044" ind1=" " ind2=" "><subfield code="c">XA-DE-HH</subfield></datafield><datafield tag="100" ind1="1" ind2=" "><subfield code="a">Trein, Jens</subfield><subfield code="0">(DE-Frei129)03001725</subfield><subfield code="0">(DE-588)142650927</subfield></datafield><datafield tag="245" ind1="1" ind2="0"><subfield code="a">Systemisch-personenzentrierte Pädagogik</subfield><subfield code="b">eine Neureflexion des Personenzentrierten Ansatzes nach Carl Rogers aus systemisch-konstruktivistischer Perspektive</subfield><subfield code="c">Jens Trein</subfield></datafield><datafield tag="246" ind1="1" ind2="0"><subfield code="a">Eine Neureflexion des Personenzentrierten Ansatzes nach Carl Rogers aus systemisch-konstruktivistischer Perspektive : zur theoretischen Konstruktion einer systemisch-personenzentrierten Pädagogik</subfield></datafield><datafield tag="260" ind1="3" ind2=" "><subfield code="a">Hamburg</subfield><subfield code="b">Kovač</subfield><subfield code="c">2010</subfield></datafield><datafield tag="300" ind1=" " ind2=" "><subfield code="a">402 Seiten</subfield><subfield code="b">graph. Darst.</subfield><subfield code="c">210 mm x 148 mm, 503 g</subfield></datafield><datafield tag="490" ind1="1" ind2=" "><subfield code="a">Schriftenreihe Schriften zur pädagogischen Theorie </subfield><subfield code="v">Bd. 2</subfield></datafield><datafield tag="500" ind1=" " ind2=" "><subfield code="a">Duisburg</subfield></datafield><datafield tag="500" ind1=" " ind2=" "><subfield code="a">Essen</subfield></datafield><datafield tag="500" ind1=" " ind2=" "><subfield code="a">Literaturverz. S. 385 - 402</subfield></datafield><datafield tag="500" ind1=" " ind2=" "><subfield code="a">IMD-Felder maschinell generiert (GBV)</subfield></datafield><datafield tag="502" ind1=" " ind2=" "><subfield code="a">Zugl.: Duisburg-Essen, Univ., Diss., 2010 u.d.T.: Trein, Jens: Eine Neureflexion des Personenzentrierten Ansatzes nach Carl Rogers aus systemisch-konstruktivistischer Perspektive</subfield></datafield><datafield tag="600" ind1="1" ind2="7"><subfield code="0">(DE-Frei129)00045950</subfield><subfield code="0">(DE-588)118602128</subfield><subfield code="a">Rogers, Carl R.</subfield><subfield code="2">gnd</subfield></datafield><datafield tag="650" ind1=" " ind2="7"><subfield code="a">Nichtdirektive Psychotherapie</subfield><subfield code="0">(DE-Frei129)00031046</subfield><subfield code="0">(DE-588)4075368-2</subfield><subfield code="2">gnd</subfield></datafield><datafield tag="650" ind1=" " ind2="7"><subfield code="a">Systematische Pädagogik</subfield><subfield code="0">(DE-Frei129)00068601</subfield><subfield code="0">(DE-588)4184271-6</subfield><subfield code="2">gnd</subfield></datafield><datafield tag="650" ind1=" " ind2="7"><subfield code="a">Nichtdirektivität</subfield><subfield code="0">(DE-Frei129)00089120</subfield><subfield code="0">(DE-588)4304331-8</subfield><subfield code="2">gnd</subfield></datafield><datafield tag="650" ind1=" " ind2="7"><subfield code="a">Konstruktivismus</subfield><subfield code="x">Psychologie</subfield><subfield code="0">(DE-Frei129)00107573</subfield><subfield code="0">(DE-588)4639653-6</subfield><subfield code="2">gnd</subfield></datafield><datafield tag="650" ind1=" " ind2="7"><subfield code="a">Pädagogik</subfield><subfield code="0">(DE-Frei129)00007310</subfield><subfield code="0">(DE-588)4044302-4</subfield><subfield code="2">gnd</subfield></datafield><datafield tag="650" ind1=" " ind2="7"><subfield code="a">Systemtheoretische Pädagogik</subfield><subfield code="0">(DE-Frei129)00120808</subfield><subfield code="0">(DE-588)7606649-6</subfield><subfield code="2">gnd</subfield></datafield><datafield tag="650" ind1=" " ind2="7"><subfield code="a">Systemtheorie</subfield><subfield code="0">(DE-Frei129)00023749</subfield><subfield code="0">(DE-588)4058812-9</subfield><subfield code="2">gnd</subfield></datafield><datafield tag="650" ind1=" " ind2="7"><subfield code="a">Humanistische Pädagogik</subfield><subfield code="0">(DE-Frei129)00071944</subfield><subfield code="0">(DE-588)4193564-0</subfield><subfield code="2">gnd</subfield></datafield><datafield tag="650" ind1=" " ind2="7"><subfield code="a">Humanistische Psychologie</subfield><subfield code="0">(DE-Frei129)00011487</subfield><subfield code="0">(DE-588)4026146-3</subfield><subfield code="2">gnd</subfield></datafield><datafield tag="651" ind1=" " ind2="7"><subfield code="a">Psychologie</subfield><subfield code="0">(DE-Frei129)00757437</subfield><subfield code="2">local</subfield></datafield><datafield tag="689" ind1="0" ind2="0"><subfield code="0">(DE-588)118602128</subfield><subfield code="D">p</subfield><subfield code="a">Rogers, Carl R. </subfield></datafield><datafield tag="689" ind1="0" ind2="1"><subfield code="0">(DE-588)4075368-2</subfield><subfield code="D">s</subfield><subfield code="a">Nichtdirektive Psychotherapie </subfield></datafield><datafield tag="689" ind1="0" ind2="2"><subfield code="0">(DE-588)4184271-6</subfield><subfield code="D">s</subfield><subfield code="a">Systematische Pädagogik</subfield><subfield code="5">DE-101</subfield></datafield><datafield tag="689" ind1="1" ind2="0"><subfield code="0">(DE-588)4304331-8</subfield><subfield code="D">s</subfield><subfield code="a">Nichtdirektivität </subfield></datafield><datafield tag="689" ind1="1" ind2="1"><subfield code="0">(DE-588)4639653-6</subfield><subfield code="D">s</subfield><subfield code="a">Konstruktivismus / Psychologie </subfield></datafield><datafield tag="689" ind1="1" ind2="2"><subfield code="A">s</subfield><subfield code="a">Psychologie </subfield></datafield><datafield tag="689" ind1="1" ind2="3"><subfield code="0">(DE-588)4044302-4</subfield><subfield code="D">s</subfield><subfield code="a">Pädagogik </subfield></datafield><datafield tag="689" ind1="1" ind2="4"><subfield code="0">(DE-588)7606649-6</subfield><subfield code="D">s</subfield><subfield code="a">Systemtheoretische Pädagogik </subfield></datafield><datafield tag="689" ind1="1" ind2="5"><subfield code="0">(DE-588)4058812-9</subfield><subfield code="D">s</subfield><subfield code="a">Systemtheorie </subfield></datafield><datafield tag="689" ind1="1" ind2="6"><subfield code="0">(DE-588)4193564-0</subfield><subfield code="D">s</subfield><subfield code="a">Humanistische Pädagogik </subfield></datafield><datafield tag="689" ind1="1" ind2="7"><subfield code="0">(DE-588)4026146-3</subfield><subfield code="D">s</subfield><subfield code="a">Humanistische Psychologie</subfield><subfield code="5">DE-101</subfield></datafield><datafield tag="830" ind1=" " ind2="0"><subfield code="a">Schriftenreihe Schriften zur pädagogischen Theorie</subfield><subfield code="v">Bd. 2</subfield><subfield code="w">(DE-Frei129)00294833</subfield><subfield code="9">12</subfield></datafield><datafield tag="852" ind1=" " ind2=" "><subfield code="a">Frei129</subfield><subfield code="c">Paed A 130: 236 a</subfield></datafield><datafield tag="856" ind1="4" ind2=" "><subfield code="8">00</subfield><subfield code="u">http://www.socialnet.de/rezensionen/isbn.php?isbn=978-3-8300-5450-4</subfield><subfield code="y">Rezension</subfield></datafield><datafield tag="856" ind1="4" ind2=" "><subfield code="8">01</subfield><subfield code="u">http://external.dandelon.com/download/attachments/dandelon/ids/AT0015430702BDAFF46A2C125790B00423594.pdf</subfield><subfield code="y">Verlagsinformation</subfield></datafield><datafield tag="856" ind1="4" ind2=" "><subfield code="8">02</subfield><subfield code="u">https://external.dandelon.com/download/attachments/dandelon/ids/AT0015430702BDAFF46A2C125790B00423594.pdf</subfield><subfield code="y">Inhaltsverzeichnis</subfield></datafield><datafield tag="856" ind1="4" ind2=" "><subfield code="8">03</subfield><subfield code="u">http://swbplus.bsz-bw.de/bsz338724230cov.htm</subfield><subfield code="y">Verlagsinformation</subfield></datafield><datafield tag="856" ind1="4" ind2=" "><subfield code="8">04</subfield><subfield code="u">http://www.verlagdrkovac.de/978-3-8300-5450-4.htm</subfield><subfield code="y">Ausführliche Beschreibung</subfield></datafield><datafield tag="856" ind1="4" ind2=" "><subfield code="8">05</subfield><subfield code="u">http://d-nb.info/1007274743/04</subfield><subfield code="y">Verlagsinformation</subfield></datafield><datafield tag="856" ind1="4" ind2=" "><subfield code="8">06</subfield><subfield code="u">http://www.verlagdrkovac.de/978-3-8300-5450-4.htm</subfield><subfield code="y">Kurzbeschreibung des Verlags</subfield></datafield><datafield tag="980" ind1="0" ind2=" "><subfield code="a">00218648</subfield><subfield code="9">(PHFR)</subfield><subfield code="b">EG-Anbau (32)</subfield><subfield code="c">Paed A 130: 236</subfield><subfield code="d">Standardleihe (01)</subfield><subfield code="e">Verfügbar (X)</subfield></datafield><datafield tag="980" ind1="0" ind2=" "><subfield code="a">00236921</subfield><subfield code="9">(PHFR)</subfield><subfield code="b">EG-Anbau (32)</subfield><subfield code="c">Paed A 130: 236 a</subfield><subfield code="d">Standardleihe (01)</subfield><subfield code="e">Verfügbar (X)</subfield></datafield></record>