
<record><leader>03552nam a2200000uu 4500</leader><controlfield tag="001">03011306</controlfield><controlfield tag="003">DE-Frei129</controlfield><controlfield tag="005">20220811084022.0</controlfield><controlfield tag="007">tu</controlfield><controlfield tag="008">110330s2010    ||||||||||||||||||||ger||</controlfield><datafield tag="015" ind1=" " ind2=" "><subfield code="a">11,A05</subfield></datafield><datafield tag="016" ind1="7" ind2=" "><subfield code="a">1003887244</subfield><subfield code="2">DE-101</subfield></datafield><datafield tag="020" ind1=" " ind2=" "><subfield code="a">9783868630381</subfield><subfield code="9">9783868630381</subfield><subfield code="c">kart. : ca. EUR 15.00</subfield></datafield><datafield tag="024" ind1="3" ind2=" "><subfield code="a">9783868630381</subfield></datafield><datafield tag="035" ind1=" " ind2=" "><subfield code="a">(DE-576)1409564304</subfield></datafield><datafield tag="041" ind1=" " ind2=" "><subfield code="a">ger</subfield></datafield><datafield tag="044" ind1=" " ind2=" "><subfield code="c">XA-DE-BB</subfield></datafield><datafield tag="245" ind1="1" ind2="0"><subfield code="a">Unter Flächen hinter Spiegeln und der Raum dazwischen</subfield><subfield code="b">wissenschaftliches Schreiben in theaterpädagogischen Kontexten</subfield><subfield code="c">hrsg. von Hans-Joachim Wiese</subfield></datafield><datafield tag="260" ind1="3" ind2=" "><subfield code="a">Berlin ; Milow ; Strasburg</subfield><subfield code="b">Schibri-Verl.</subfield><subfield code="c">2010</subfield></datafield><datafield tag="300" ind1=" " ind2=" "><subfield code="a">240 Seiten</subfield><subfield code="b">Ill., graph. Darst.</subfield><subfield code="c">21 cm</subfield></datafield><datafield tag="490" ind1="1" ind2=" "><subfield code="a">Lingener Beiträge zur Theaterpädagogik </subfield><subfield code="v">9</subfield></datafield><datafield tag="500" ind1=" " ind2=" "><subfield code="a">Literaturangaben</subfield></datafield><datafield tag="650" ind1=" " ind2="7"><subfield code="a">Theaterpädagogik</subfield><subfield code="0">(DE-Frei129)00021671</subfield><subfield code="0">(DE-588)4126991-3</subfield><subfield code="2">gnd</subfield></datafield><datafield tag="689" ind1="0" ind2="0"><subfield code="0">(DE-588)4126991-3</subfield><subfield code="D">s</subfield><subfield code="a">Theaterpädagogik</subfield><subfield code="5">DE-101</subfield></datafield><datafield tag="700" ind1="1" ind2=" "><subfield code="0">(DE-588)130509140</subfield><subfield code="0">(DE-Frei129)00153059</subfield><subfield code="a">Wiese, Hans-Joachim</subfield><subfield code="4">Hrsg.</subfield></datafield><datafield tag="830" ind1=" " ind2="0"><subfield code="a">Lingener Beiträge zur Theaterpädagogik</subfield><subfield code="v">9</subfield><subfield code="w">(DE-Frei129)00276291</subfield><subfield code="9">19</subfield></datafield><datafield tag="852" ind1=" " ind2=" "><subfield code="a">Frei 129</subfield><subfield code="b">PHFR</subfield><subfield code="c">AP 67400 W651</subfield></datafield><datafield tag="856" ind1="4" ind2=" "><subfield code="8">00</subfield><subfield code="u">http://d-nb.info/1003887244/04</subfield><subfield code="y">Inhaltsverzeichnis</subfield></datafield><datafield tag="980" ind1="0" ind2=" "><subfield code="a">00217833</subfield><subfield code="9">(PHFR)</subfield><subfield code="b">UG (33)</subfield><subfield code="c">AP 67400 W651</subfield><subfield code="d">Standardleihe (01)</subfield><subfield code="e">Verfügbar (X)</subfield></datafield></record>