
<record><leader>03989nam a2200000uu 4500</leader><controlfield tag="001">03011305</controlfield><controlfield tag="003">DE-Frei129</controlfield><controlfield tag="005">20220811084022.0</controlfield><controlfield tag="007">tu</controlfield><controlfield tag="008">101006s2010    |||||||||m||||||||||ger||</controlfield><datafield tag="015" ind1=" " ind2=" "><subfield code="a">10,A32</subfield></datafield><datafield tag="016" ind1="7" ind2=" "><subfield code="a">1003751962</subfield><subfield code="2">DE-101</subfield></datafield><datafield tag="020" ind1=" " ind2=" "><subfield code="a">9783868630527</subfield><subfield code="9">9783868630527</subfield><subfield code="c">kart. : EUR 14.80</subfield></datafield><datafield tag="024" ind1="3" ind2=" "><subfield code="a">9783868630527</subfield></datafield><datafield tag="035" ind1=" " ind2=" "><subfield code="a">(DE-576)1605531936</subfield></datafield><datafield tag="041" ind1=" " ind2=" "><subfield code="a">ger</subfield></datafield><datafield tag="044" ind1=" " ind2=" "><subfield code="c">XA-DE-BB</subfield></datafield><datafield tag="245" ind1="1" ind2="0"><subfield code="a">Theater als Raum</subfield><subfield code="b">Ausleuchten von Spielräumen in der Theaterpädagogik</subfield><subfield code="c">Sabine Senftleben</subfield></datafield><datafield tag="260" ind1="3" ind2=" "><subfield code="a">Berlin ; Milow ; Strasburg</subfield><subfield code="b">Schibri-Verl.</subfield><subfield code="c">2010</subfield></datafield><datafield tag="300" ind1=" " ind2=" "><subfield code="a">263  Seiten</subfield><subfield code="b">Ill., graph. Darst.</subfield><subfield code="c">21 cm, 373 gr.</subfield></datafield><datafield tag="500" ind1=" " ind2=" "><subfield code="a">Berlin</subfield></datafield><datafield tag="502" ind1=" " ind2=" "><subfield code="a">Zugl.: Berlin, Univ. der Künste, Diss., 2008</subfield></datafield><datafield tag="650" ind1=" " ind2="7"><subfield code="a">Zuschauerraum</subfield><subfield code="0">(DE-Frei129)03200275</subfield><subfield code="0">(DE-588)4191165-9</subfield><subfield code="2">gnd</subfield></datafield><datafield tag="650" ind1=" " ind2="7"><subfield code="a">Bühne</subfield><subfield code="0">(DE-Frei129)00054889</subfield><subfield code="0">(DE-588)4146857-0</subfield><subfield code="2">gnd</subfield></datafield><datafield tag="650" ind1=" " ind2="7"><subfield code="a">Theaterpädagogik</subfield><subfield code="0">(DE-Frei129)00021671</subfield><subfield code="0">(DE-588)4126991-3</subfield><subfield code="2">gnd</subfield></datafield><datafield tag="689" ind1="0" ind2="0"><subfield code="0">(DE-588)4191165-9</subfield><subfield code="D">s</subfield><subfield code="a">Zuschauerraum </subfield></datafield><datafield tag="689" ind1="0" ind2="1"><subfield code="0">(DE-588)4146857-0</subfield><subfield code="D">s</subfield><subfield code="a">Bühne </subfield></datafield><datafield tag="689" ind1="0" ind2="2"><subfield code="0">(DE-588)4126991-3</subfield><subfield code="D">s</subfield><subfield code="a">Theaterpädagogik</subfield><subfield code="5">DE-101</subfield></datafield><datafield tag="700" ind1="1" ind2=" "><subfield code="0">(DE-Frei129)03001666</subfield><subfield code="a">Senftleben, Sabine</subfield><subfield code="4">aut</subfield></datafield><datafield tag="852" ind1=" " ind2=" "><subfield code="a">Frei 129</subfield><subfield code="b">PHFR</subfield><subfield code="c">AP 75600 S476</subfield></datafield><datafield tag="856" ind1="4" ind2=" "><subfield code="8">00</subfield><subfield code="u">http://d-nb.info/1003751962/04</subfield><subfield code="y">Inhaltsverzeichnis</subfield></datafield><datafield tag="980" ind1="0" ind2=" "><subfield code="a">00369215</subfield><subfield code="9">(PHFR)</subfield><subfield code="b">Handbibliothek (50)</subfield><subfield code="c">Spra E 860: 12</subfield><subfield code="d">Handbibliothek - nie verleihbar (54)</subfield><subfield code="e">Verfügbar (X)</subfield></datafield></record>