
<record><leader>05962nam a2200000uu 4500</leader><controlfield tag="001">03011233</controlfield><controlfield tag="003">DE-Frei129</controlfield><controlfield tag="005">20220811084022.0</controlfield><controlfield tag="007">tu</controlfield><controlfield tag="008">100929s2010    ||||||||||||||||||||ger||</controlfield><datafield tag="015" ind1=" " ind2=" "><subfield code="a">10,A43</subfield></datafield><datafield tag="016" ind1="7" ind2=" "><subfield code="a">100719992X</subfield><subfield code="2">DE-101</subfield></datafield><datafield tag="020" ind1=" " ind2=" "><subfield code="a">9783867401449</subfield><subfield code="9">9783867401449</subfield><subfield code="c">geh. : EUR 15.90 (DE)</subfield></datafield><datafield tag="024" ind1="3" ind2=" "><subfield code="a">9783867401449</subfield></datafield><datafield tag="035" ind1=" " ind2=" "><subfield code="a">(DE-576)635804441</subfield></datafield><datafield tag="041" ind1=" " ind2=" "><subfield code="a">ger</subfield></datafield><datafield tag="044" ind1=" " ind2=" "><subfield code="c">XA-DE-NW</subfield></datafield><datafield tag="245" ind1="1" ind2="0"><subfield code="a">Märchen für die 1. und 2. Klasse</subfield><subfield code="b">differenziertes Lernen</subfield><subfield code="c">Birgit Hansson/Eva-Maria Schmidt. Ill.: Carmen Hochmann</subfield></datafield><datafield tag="250" ind1=" " ind2=" "><subfield code="a">1. Aufl.</subfield></datafield><datafield tag="260" ind1="3" ind2=" "><subfield code="a">Kempen</subfield><subfield code="b">BVK, Buch-Verl. Kempen</subfield><subfield code="c">2010</subfield></datafield><datafield tag="300" ind1=" " ind2=" "><subfield code="a">60 Seiten</subfield><subfield code="b">Ill</subfield><subfield code="c">30 cm</subfield></datafield><datafield tag="500" ind1=" " ind2=" "><subfield code="a">IMD-Felder maschinell generiert (GBV)</subfield></datafield><datafield tag="650" ind1=" " ind2="7"><subfield code="a">Märchen</subfield><subfield code="0">(DE-Frei129)00015771</subfield><subfield code="0">(DE-588)4036910-9</subfield><subfield code="2">gnd</subfield></datafield><datafield tag="650" ind1=" " ind2="7"><subfield code="a">Grundschulunterricht</subfield><subfield code="0">(DE-Frei129)00010262</subfield><subfield code="0">(DE-588)4022354-1</subfield><subfield code="2">gnd</subfield></datafield><datafield tag="650" ind1=" " ind2="7"><subfield code="a">1.-2. Klasse</subfield><subfield code="0">(DE-Frei129)14332837</subfield><subfield code="2">local</subfield></datafield><datafield tag="650" ind1=" " ind2="7"><subfield code="a">Brüder Grimm</subfield><subfield code="0">(DE-Frei129)14332838</subfield><subfield code="2">local</subfield></datafield><datafield tag="650" ind1=" " ind2="7"><subfield code="a">Copymasters</subfield><subfield code="0">(DE-Frei129)14332839</subfield><subfield code="2">local</subfield></datafield><datafield tag="650" ind1=" " ind2="7"><subfield code="a">Dornröschen</subfield><subfield code="0">(DE-Frei129)14332840</subfield><subfield code="2">local</subfield></datafield><datafield tag="650" ind1=" " ind2="7"><subfield code="a">Froschkönig</subfield><subfield code="0">(DE-Frei129)14332841</subfield><subfield code="2">local</subfield></datafield><datafield tag="650" ind1=" " ind2="7"><subfield code="a">Schneewittchen</subfield><subfield code="0">(DE-Frei129)14332842</subfield><subfield code="2">local</subfield></datafield><datafield tag="650" ind1=" " ind2="7"><subfield code="a">differenziert</subfield><subfield code="0">(DE-Frei129)14332843</subfield><subfield code="2">local</subfield></datafield><datafield tag="689" ind1="0" ind2="0"><subfield code="0">(DE-588)4036910-9</subfield><subfield code="D">s</subfield><subfield code="a">Märchen </subfield></datafield><datafield tag="689" ind1="0" ind2="1"><subfield code="0">(DE-588)4022354-1</subfield><subfield code="D">s</subfield><subfield code="a">Grundschulunterricht</subfield><subfield code="5">DE-101</subfield></datafield><datafield tag="689" ind1="1" ind2="0"><subfield code="A">s</subfield><subfield code="a">1.-2. Klasse</subfield><subfield code="5">DE-101</subfield></datafield><datafield tag="689" ind1="2" ind2="0"><subfield code="A">s</subfield><subfield code="a">Brüder Grimm</subfield><subfield code="5">DE-101</subfield></datafield><datafield tag="689" ind1="3" ind2="0"><subfield code="A">s</subfield><subfield code="a">Copymasters</subfield><subfield code="5">DE-101</subfield></datafield><datafield tag="689" ind1="4" ind2="0"><subfield code="A">s</subfield><subfield code="a">Dornröschen</subfield><subfield code="5">DE-101</subfield></datafield><datafield tag="689" ind1="5" ind2="0"><subfield code="A">s</subfield><subfield code="a">Froschkönig</subfield><subfield code="5">DE-101</subfield></datafield><datafield tag="689" ind1="6" ind2="0"><subfield code="A">s</subfield><subfield code="a">Schneewittchen</subfield><subfield code="5">DE-101</subfield></datafield><datafield tag="689" ind1="7" ind2="0"><subfield code="A">s</subfield><subfield code="a">differenziert</subfield><subfield code="5">DE-101</subfield></datafield><datafield tag="700" ind1="1" ind2=" "><subfield code="0">(DE-588)140943579</subfield><subfield code="0">(DE-Frei129)03001642</subfield><subfield code="a">Hansson, Birgit</subfield><subfield code="4">aut</subfield></datafield><datafield tag="700" ind1="1" ind2=" "><subfield code="0">(DE-Frei129)00074910</subfield><subfield code="a">Schmidt, Eva-Maria</subfield><subfield code="4">aut</subfield></datafield><datafield tag="852" ind1=" " ind2=" "><subfield code="a">Frei 129</subfield><subfield code="b">PHFR</subfield><subfield code="c">GB 3002 H251</subfield></datafield><datafield tag="980" ind1="0" ind2=" "><subfield code="a">00434221</subfield><subfield code="9">(PHFR)</subfield><subfield code="b">2.OG (35)</subfield><subfield code="c">GB 3002 H251</subfield><subfield code="d">Standardleihe (01)</subfield><subfield code="e">Verfügbar (X)</subfield></datafield></record>