
<record><leader>03960nam a2200000uu 4500</leader><controlfield tag="001">03011224</controlfield><controlfield tag="003">DE-Frei129</controlfield><controlfield tag="005">20220811084023.0</controlfield><controlfield tag="007">tu</controlfield><controlfield tag="008">110215s2010    ||||||||||||||||||||ger||</controlfield><datafield tag="015" ind1=" " ind2=" "><subfield code="a">10,A46</subfield></datafield><datafield tag="016" ind1="7" ind2=" "><subfield code="a">100692387X</subfield><subfield code="2">DE-101</subfield></datafield><datafield tag="020" ind1=" " ind2=" "><subfield code="a">9783828824386</subfield><subfield code="9">9783828824386</subfield><subfield code="c">kart. : EUR 24.90 (DE), EUR 24.90 (AT), sfr 38.10 (freier Pr.)</subfield></datafield><datafield tag="024" ind1="3" ind2=" "><subfield code="a">9783828824386</subfield></datafield><datafield tag="035" ind1=" " ind2=" "><subfield code="a">(DE-576)1608132854</subfield></datafield><datafield tag="041" ind1=" " ind2=" "><subfield code="a">ger</subfield></datafield><datafield tag="044" ind1=" " ind2=" "><subfield code="c">XA-DE-HE</subfield></datafield><datafield tag="100" ind1="1" ind2=" "><subfield code="a">Fabritius, Bernd</subfield><subfield code="0">(DE-Frei129)03001637</subfield><subfield code="0">(DE-588)142695432</subfield></datafield><datafield tag="245" ind1="1" ind2="0"><subfield code="a">Rotkäppchen, was trägst du unter der Schürze?</subfield><subfield code="b">Geschlechterbilder im Märchen</subfield><subfield code="c">Bernd Fabritius</subfield></datafield><datafield tag="260" ind1="3" ind2=" "><subfield code="a">Marburg</subfield><subfield code="b">Tectum-Verl.</subfield><subfield code="c">2010</subfield></datafield><datafield tag="300" ind1=" " ind2=" "><subfield code="a">103 Seiten</subfield><subfield code="c">21 cm</subfield></datafield><datafield tag="500" ind1=" " ind2=" "><subfield code="a">Literaturverz. S. 99 - 103</subfield></datafield><datafield tag="600" ind1="1" ind2="7"><subfield code="0">(DE-Frei129)00509322</subfield><subfield code="0">(DE-588)124113788</subfield><subfield code="a">Rotkäppchen, Literarische Gestalt, Literarische Gestalt</subfield><subfield code="2">gnd</subfield></datafield><datafield tag="650" ind1=" " ind2="7"><subfield code="a">Märchen</subfield><subfield code="0">(DE-Frei129)00015771</subfield><subfield code="0">(DE-588)4036910-9</subfield><subfield code="2">gnd</subfield></datafield><datafield tag="650" ind1=" " ind2="7"><subfield code="a">Geschlechterrolle</subfield><subfield code="0">(DE-Frei129)00029023</subfield><subfield code="0">(DE-588)4071776-8</subfield><subfield code="2">gnd</subfield></datafield><datafield tag="689" ind1="0" ind2="0"><subfield code="0">(DE-588)124113788</subfield><subfield code="D">p</subfield><subfield code="a">Rotkäppchen, Literarische Gestalt, Literarische Gestalt </subfield></datafield><datafield tag="689" ind1="0" ind2="1"><subfield code="0">(DE-588)4036910-9</subfield><subfield code="D">s</subfield><subfield code="a">Märchen </subfield></datafield><datafield tag="689" ind1="0" ind2="2"><subfield code="0">(DE-588)4071776-8</subfield><subfield code="D">s</subfield><subfield code="a">Geschlechterrolle</subfield><subfield code="5">DE-101</subfield></datafield><datafield tag="852" ind1=" " ind2=" "><subfield code="a">Frei 129</subfield><subfield code="b">PHFR</subfield><subfield code="c">EC 7270 F128</subfield></datafield><datafield tag="856" ind1="4" ind2=" "><subfield code="8">00</subfield><subfield code="u">http://d-nb.info/100692387X/04</subfield><subfield code="y">Inhaltsverzeichnis</subfield></datafield><datafield tag="980" ind1="0" ind2=" "><subfield code="a">00217712</subfield><subfield code="9">(PHFR)</subfield><subfield code="b">2.OG (35)</subfield><subfield code="c">EC 7270 F128</subfield><subfield code="d">Standardleihe (01)</subfield><subfield code="e">ausgeliehen (A) - Fälligkeitsdatum: 06.09.2022</subfield></datafield></record>