
<record><leader>07932nam a2200000uu 4500</leader><controlfield tag="001">03011211</controlfield><controlfield tag="003">DE-Frei129</controlfield><controlfield tag="005">20220811084023.0</controlfield><controlfield tag="007">tu</controlfield><controlfield tag="008">101013s2010    ||||||||||||||||||||ger||</controlfield><datafield tag="015" ind1=" " ind2=" "><subfield code="a">10,N41</subfield></datafield><datafield tag="016" ind1="7" ind2=" "><subfield code="a">1007459867</subfield><subfield code="2">DE-101</subfield></datafield><datafield tag="020" ind1=" " ind2=" "><subfield code="a">9783828824737</subfield><subfield code="9">9783828824737</subfield><subfield code="c">Pb. : EUR 24.90 (DE), EUR 24.90 (AT), sfr 38.10 (freier Pr.)</subfield></datafield><datafield tag="024" ind1="3" ind2=" "><subfield code="a">9783828824737</subfield></datafield><datafield tag="035" ind1=" " ind2=" "><subfield code="a">(DE-576)636692493</subfield></datafield><datafield tag="041" ind1=" " ind2=" "><subfield code="a">ger</subfield></datafield><datafield tag="044" ind1=" " ind2=" "><subfield code="c">XA-DE-HE</subfield></datafield><datafield tag="245" ind1="1" ind2="0"><subfield code="a">Sprayer im White Cube</subfield><subfield code="b">Streetart zwischen Alltagskultur und kommerzieller Kunst</subfield><subfield code="c">Claudia Willms</subfield></datafield><datafield tag="260" ind1="3" ind2=" "><subfield code="a">Marburg</subfield><subfield code="b">Tectum-Verl.</subfield><subfield code="c">c 2010</subfield></datafield><datafield tag="300" ind1=" " ind2=" "><subfield code="a">140 Seiten</subfield><subfield code="b">Ill.</subfield><subfield code="c">21 cm</subfield></datafield><datafield tag="500" ind1=" " ind2=" "><subfield code="a">Literaturangaben</subfield></datafield><datafield tag="500" ind1=" " ind2=" "><subfield code="a">IMD-Felder maschinell generiert (GBV)</subfield></datafield><datafield tag="650" ind1=" " ind2="7"><subfield code="a">Streetart</subfield><subfield code="0">(DE-Frei129)00010090</subfield><subfield code="0">(DE-588)7581172-8</subfield><subfield code="2">gnd</subfield></datafield><datafield tag="650" ind1=" " ind2="7"><subfield code="a">Subkultur</subfield><subfield code="0">(DE-Frei129)00023529</subfield><subfield code="0">(DE-588)4058326-0</subfield><subfield code="2">gnd</subfield></datafield><datafield tag="650" ind1=" " ind2="7"><subfield code="a">Alltagskultur</subfield><subfield code="0">(DE-Frei129)00001100</subfield><subfield code="0">(DE-588)4122782-7</subfield><subfield code="2">gnd</subfield></datafield><datafield tag="650" ind1=" " ind2="7"><subfield code="a">Kommerzialisierung</subfield><subfield code="0">(DE-Frei129)00043546</subfield><subfield code="0">(DE-588)4127776-4</subfield><subfield code="2">gnd</subfield></datafield><datafield tag="650" ind1=" " ind2="7"><subfield code="a">Aura</subfield><subfield code="0">(DE-Frei129)02487411</subfield><subfield code="2">local</subfield></datafield><datafield tag="650" ind1=" " ind2="7"><subfield code="a">Europäische Ethnologie</subfield><subfield code="0">(DE-Frei129)01759220</subfield><subfield code="2">local</subfield></datafield><datafield tag="650" ind1=" " ind2="7"><subfield code="a">Graffiti</subfield><subfield code="0">(DE-Frei129)00638650</subfield><subfield code="2">local</subfield></datafield><datafield tag="650" ind1=" " ind2="7"><subfield code="a">Kulturanthropologie</subfield><subfield code="0">(DE-Frei129)00726802</subfield><subfield code="2">local</subfield></datafield><datafield tag="650" ind1=" " ind2="7"><subfield code="a">Kunstausstellung</subfield><subfield code="0">(DE-Frei129)01729735</subfield><subfield code="2">local</subfield></datafield><datafield tag="650" ind1=" " ind2="7"><subfield code="a">Paperback</subfield><subfield code="x">softback</subfield><subfield code="0">(DE-Frei129)02516355</subfield><subfield code="2">local</subfield></datafield><datafield tag="650" ind1=" " ind2="7"><subfield code="a">Populärkultur</subfield><subfield code="0">(DE-Frei129)02331492</subfield><subfield code="2">local</subfield></datafield><datafield tag="650" ind1=" " ind2="7"><subfield code="a">Reinking, Rik</subfield><subfield code="0">(DE-Frei129)14336228</subfield><subfield code="2">local</subfield></datafield><datafield tag="650" ind1=" " ind2="7"><subfield code="a">Visuelle Kommunikation</subfield><subfield code="0">(DE-Frei129)01715952</subfield><subfield code="2">local</subfield></datafield><datafield tag="651" ind1=" " ind2="7"><subfield code="a">Deutschland</subfield><subfield code="0">(DE-Frei129)00005806</subfield><subfield code="0">(DE-588)4011882-4</subfield><subfield code="2">gnd</subfield></datafield><datafield tag="689" ind1="0" ind2="0"><subfield code="0">(DE-588)4011882-4</subfield><subfield code="D">g</subfield><subfield code="a">Deutschland </subfield></datafield><datafield tag="689" ind1="0" ind2="1"><subfield code="0">(DE-588)7581172-8</subfield><subfield code="D">s</subfield><subfield code="a">Streetart </subfield></datafield><datafield tag="689" ind1="0" ind2="2"><subfield code="0">(DE-588)4058326-0</subfield><subfield code="D">s</subfield><subfield code="a">Subkultur </subfield></datafield><datafield tag="689" ind1="0" ind2="3"><subfield code="0">(DE-588)4122782-7</subfield><subfield code="D">s</subfield><subfield code="a">Alltagskultur </subfield></datafield><datafield tag="689" ind1="0" ind2="4"><subfield code="0">(DE-588)4127776-4</subfield><subfield code="D">s</subfield><subfield code="a">Kommerzialisierung</subfield><subfield code="5">DE-101</subfield></datafield><datafield tag="689" ind1="1" ind2="0"><subfield code="A">s</subfield><subfield code="a">Aura</subfield><subfield code="5">DE-101</subfield></datafield><datafield tag="689" ind1="2" ind2="0"><subfield code="A">s</subfield><subfield code="a">Europäische Ethnologie</subfield><subfield code="5">DE-101</subfield></datafield><datafield tag="689" ind1="3" ind2="0"><subfield code="A">s</subfield><subfield code="a">Graffiti</subfield><subfield code="5">DE-101</subfield></datafield><datafield tag="689" ind1="4" ind2="0"><subfield code="A">s</subfield><subfield code="a">Kulturanthropologie</subfield><subfield code="5">DE-101</subfield></datafield><datafield tag="689" ind1="5" ind2="0"><subfield code="A">s</subfield><subfield code="a">Kunstausstellung</subfield><subfield code="5">DE-101</subfield></datafield><datafield tag="689" ind1="6" ind2="0"><subfield code="A">s</subfield><subfield code="a">Paperback / softback</subfield><subfield code="5">DE-101</subfield></datafield><datafield tag="689" ind1="7" ind2="0"><subfield code="A">s</subfield><subfield code="a">Populärkultur</subfield><subfield code="5">DE-101</subfield></datafield><datafield tag="689" ind1="8" ind2="0"><subfield code="A">s</subfield><subfield code="a">Reinking, Rik</subfield><subfield code="5">DE-101</subfield></datafield><datafield tag="689" ind1="9" ind2="0"><subfield code="A">s</subfield><subfield code="a">Visuelle Kommunikation</subfield><subfield code="5">DE-101</subfield></datafield><datafield tag="700" ind1="1" ind2=" "><subfield code="0">(DE-588)1147643822</subfield><subfield code="0">(DE-Frei129)03001632</subfield><subfield code="a">Willms, Claudia</subfield><subfield code="4">aut</subfield></datafield><datafield tag="852" ind1=" " ind2=" "><subfield code="a">Frei 129</subfield><subfield code="b">PHFR</subfield><subfield code="c">LH 70220 W738</subfield></datafield><datafield tag="856" ind1="4" ind2=" "><subfield code="8">00</subfield><subfield code="u">http://d-nb.info/1007459867/04</subfield><subfield code="y">Inhaltsverzeichnis</subfield></datafield><datafield tag="980" ind1="0" ind2=" "><subfield code="a">00218682</subfield><subfield code="9">(PHFR)</subfield><subfield code="b">2.OG (35)</subfield><subfield code="c">LH 70220 W738</subfield><subfield code="d">Standardleihe (01)</subfield><subfield code="e">Verfügbar (X)</subfield></datafield></record>