
<record><leader>03987nam a2200000uu 4500</leader><controlfield tag="001">03011017</controlfield><controlfield tag="003">DE-Frei129</controlfield><controlfield tag="005">20220811084023.0</controlfield><controlfield tag="007">tu</controlfield><controlfield tag="008">110727s2010    ||||||||||||||||||||ger||</controlfield><datafield tag="015" ind1=" " ind2=" "><subfield code="a">10,N11</subfield></datafield><datafield tag="016" ind1="7" ind2=" "><subfield code="a">1000719456</subfield><subfield code="2">DE-101</subfield></datafield><datafield tag="020" ind1=" " ind2=" "><subfield code="a">9783866322844</subfield><subfield code="9">978-3-86632-284-4</subfield><subfield code="c">GB. : EUR 13.80</subfield></datafield><datafield tag="024" ind1="3" ind2=" "><subfield code="a">9783866322844</subfield></datafield><datafield tag="035" ind1=" " ind2=" "><subfield code="a">(DE-576)1611782856</subfield></datafield><datafield tag="041" ind1=" " ind2=" "><subfield code="a">ger</subfield></datafield><datafield tag="044" ind1=" " ind2=" "><subfield code="c">XA-DE-NW</subfield></datafield><datafield tag="245" ind1="1" ind2="0"><subfield code="a">Lernwerkstatt &quot;Hilfe! Es brennt!&quot;</subfield><subfield code="b">richtiges Verhalten bei Feuer; Infotexte, Aufgaben, Übungen, Rollenspiele; mit Lösungen</subfield><subfield code="c">Stefanie Volz; Siegfried Volz</subfield></datafield><datafield tag="250" ind1=" " ind2=" "><subfield code="a">1. Aufl.</subfield></datafield><datafield tag="260" ind1="3" ind2=" "><subfield code="a">Kerpen</subfield><subfield code="b">Kohl</subfield><subfield code="c">2010</subfield></datafield><datafield tag="300" ind1=" " ind2=" "><subfield code="a">64  Seiten</subfield><subfield code="b">Ill.</subfield><subfield code="c">297 mm x 210 mm, 280 gr.</subfield></datafield><datafield tag="650" ind1=" " ind2="7"><subfield code="a">Brandschutz</subfield><subfield code="0">(DE-Frei129)00004332</subfield><subfield code="0">(DE-588)4007974-0</subfield><subfield code="2">gnd</subfield></datafield><datafield tag="650" ind1=" " ind2="7"><subfield code="a">Projektunterricht</subfield><subfield code="0">(DE-Frei129)00019670</subfield><subfield code="0">(DE-588)4047445-8</subfield><subfield code="2">gnd</subfield></datafield><datafield tag="655" ind1=" " ind2="7"><subfield code="a">Lehrmittel</subfield><subfield code="0">(DE-Frei129)00000023</subfield><subfield code="2">local</subfield></datafield><datafield tag="689" ind1="0" ind2="0"><subfield code="0">(DE-588)4007974-0</subfield><subfield code="D">s</subfield><subfield code="a">Brandschutz </subfield></datafield><datafield tag="689" ind1="0" ind2="1"><subfield code="0">(DE-588)4047445-8</subfield><subfield code="D">s</subfield><subfield code="a">Projektunterricht </subfield></datafield><datafield tag="689" ind1="0" ind2="2"><subfield code="A">s</subfield><subfield code="a">Lehrmittel</subfield><subfield code="5">DE-101</subfield></datafield><datafield tag="700" ind1="1" ind2=" "><subfield code="0">(DE-Frei129)03001569</subfield><subfield code="a">Volz, Stefanie</subfield><subfield code="4">aut</subfield></datafield><datafield tag="700" ind1="1" ind2=" "><subfield code="0">(DE-Frei129)00057511</subfield><subfield code="a">Volz, Siegfried</subfield><subfield code="4">aut</subfield></datafield><datafield tag="852" ind1=" " ind2=" "><subfield code="a">Frei129</subfield><subfield code="c">Paed M 50: 76</subfield></datafield><datafield tag="856" ind1="4" ind2=" "><subfield code="8">00</subfield><subfield code="u">http://deposit.d-nb.de/cgi-bin/dokserv?id=3438844&amp;prov=M&amp;dok_var=1&amp;dok_ext=htm</subfield><subfield code="y">Inhaltstext</subfield></datafield><datafield tag="980" ind1="0" ind2=" "><subfield code="a">00225959</subfield><subfield code="9">(PHFR)</subfield><subfield code="b">EG-Anbau (32)</subfield><subfield code="c">Paed M 50: 76</subfield><subfield code="d">Standardleihe (01)</subfield><subfield code="e">Verfügbar (X)</subfield></datafield></record>