
<record><leader>05343nam a2200000uu 4500</leader><controlfield tag="001">03010942</controlfield><controlfield tag="003">DE-Frei129</controlfield><controlfield tag="005">20220811084023.0</controlfield><controlfield tag="007">tu</controlfield><controlfield tag="008">110801s2010    ||||||||||||||||||||ger||</controlfield><datafield tag="020" ind1=" " ind2=" "><subfield code="a">9783403065036</subfield><subfield code="9">978-3-403-06503-6</subfield></datafield><datafield tag="024" ind1="3" ind2=" "><subfield code="a">9783403065036</subfield></datafield><datafield tag="035" ind1=" " ind2=" "><subfield code="a">(DE-576)1611858305</subfield></datafield><datafield tag="041" ind1=" " ind2=" "><subfield code="a">ger</subfield></datafield><datafield tag="044" ind1=" " ind2=" "><subfield code="c">XA-DE-BY</subfield></datafield><datafield tag="245" ind1="1" ind2="0"><subfield code="a">Kunst an Stationen</subfield><subfield code="b">handlungsorientierte Materialien zu den Kernthemen der Klassen 3 und 4; [Grundschule, mit Kopiervorlagen]</subfield><subfield code="c">Sabine Ratz; Beatrix Haupt-Jennert</subfield></datafield><datafield tag="250" ind1=" " ind2=" "><subfield code="a">1. Aufl.</subfield></datafield><datafield tag="260" ind1="3" ind2=" "><subfield code="a">Donauwörth</subfield><subfield code="b">Auer</subfield><subfield code="c">2010</subfield></datafield><datafield tag="300" ind1=" " ind2=" "><subfield code="a">87  Seiten</subfield><subfield code="b">Ill.</subfield><subfield code="c">30 cm</subfield></datafield><datafield tag="490" ind1="0" ind2=" "><subfield code="a">Auer macht Schule</subfield></datafield><datafield tag="490" ind1="0" ind2=" "><subfield code="a">Grundschule</subfield></datafield><datafield tag="520" ind1=" " ind2=" "><subfield code="a">Freiarbeit und offener Unterricht sind Grundbestandteile des Kunstunterrichts in der Grundschule. Mit diesem Stationentraining Kunst für die 3./4. Klasse üben Sie mit Ihren Schülerinnen und Schülern die Kernthemen der Lehrpläne und erfüllen spielend alle wichtigen Anforderungen. Sie erhalten mit diesem Band Unterrichtsmaterialien für den Kunstunterricht in Form eines Stationentrainings. Zahlreiche Arbeitsblätter als Kopiervorlagen bilden 8 bis 10 Stationen pro Themenbereich, an denen die Kinder basteln, malen und gestalten und so unterschiedliche Lernkanäle benutzen. Das Besondere am Stationentraining ist, dass die Kinder in ihrem eigenen Tempo vorgehen und auch die Reihenfolge der Stationen selbst bestimmen. So sind auch unterschiedliche Leistungsniveaus in Kunst leicht zu managen. Der Band enthält: 8-10 Stationen pro Themenbereich | Arbeitsblätter als Kopiervorlagen | zahlreiche farbige Abbildungen von Schülerarbeiten | Lehrerinformationen zu allen Themenbereichen. Die Themen: Keith Haring | Schmetterlinge | Mittelalter | Indianer | Rosina Wachtmeister | Planeten</subfield></datafield><datafield tag="650" ind1=" " ind2="7"><subfield code="a">Kunsterziehung</subfield><subfield code="0">(DE-Frei129)00014555</subfield><subfield code="0">(DE-588)4033637-2</subfield><subfield code="2">gnd</subfield></datafield><datafield tag="650" ind1=" " ind2="7"><subfield code="a">Schuljahr 3-4</subfield><subfield code="0">(DE-Frei129)00075215</subfield><subfield code="0">(DE-588)4206495-8</subfield><subfield code="2">gnd</subfield></datafield><datafield tag="689" ind1="0" ind2="0"><subfield code="0">(DE-588)4033637-2</subfield><subfield code="D">s</subfield><subfield code="a">Kunsterziehung </subfield></datafield><datafield tag="689" ind1="0" ind2="1"><subfield code="0">(DE-588)4206495-8</subfield><subfield code="D">s</subfield><subfield code="a">Schuljahr 3-4</subfield><subfield code="5">DE-101</subfield></datafield><datafield tag="700" ind1="1" ind2=" "><subfield code="0">(DE-588)138193150</subfield><subfield code="0">(DE-Frei129)00485731</subfield><subfield code="a">Ratz, Sabine</subfield><subfield code="4">aut</subfield></datafield><datafield tag="700" ind1="1" ind2=" "><subfield code="0">(DE-588)138193177</subfield><subfield code="0">(DE-Frei129)03001627</subfield><subfield code="a">Haupt-Jennert, Beatrix</subfield><subfield code="4">aut</subfield></datafield><datafield tag="852" ind1=" " ind2=" "><subfield code="a">Frei 129</subfield><subfield code="b">PHFR</subfield><subfield code="c">LH 61290 R238</subfield></datafield><datafield tag="856" ind1="4" ind2=" "><subfield code="8">00</subfield><subfield code="u">http://www.auer-verlag.de/media/ntx/auer/sample/06503_Musterseite.pdf</subfield><subfield code="y">Seiten 9/11</subfield></datafield><datafield tag="856" ind1="4" ind2=" "><subfield code="8">01</subfield><subfield code="u">http://www.auer-verlag.de/media/ntx/auer/livebook/06503_Livebook/book.html</subfield><subfield code="y">Auszug</subfield></datafield><datafield tag="856" ind1="4" ind2=" "><subfield code="8">02</subfield><subfield code="u">http://www.auer-verlag.de/media/ntx/auer/content/06503_Inhaltsverzeichnis.pdf</subfield><subfield code="y">Inhaltsverzeichnis</subfield></datafield><datafield tag="980" ind1="0" ind2=" "><subfield code="a">00441851</subfield><subfield code="9">(PHFR)</subfield><subfield code="b">2.OG (35)</subfield><subfield code="c">LH 61290 R238</subfield><subfield code="d">Standardleihe (01)</subfield><subfield code="e">Verfügbar (X)</subfield></datafield></record>