
<record><leader>05275nam a2200000uu 4500</leader><controlfield tag="001">03010897</controlfield><controlfield tag="003">DE-Frei129</controlfield><controlfield tag="005">20220811084023.0</controlfield><controlfield tag="007">tu</controlfield><controlfield tag="008">110721s2010    ||||||||||||||||||||ger||</controlfield><datafield tag="015" ind1=" " ind2=" "><subfield code="a">11,A29</subfield></datafield><datafield tag="016" ind1="7" ind2=" "><subfield code="a">1003413498</subfield><subfield code="2">DE-101</subfield></datafield><datafield tag="020" ind1=" " ind2=" "><subfield code="a">3832291857</subfield><subfield code="9">3832291857</subfield><subfield code="c">kart. : EUR 30.80</subfield></datafield><datafield tag="020" ind1=" " ind2=" "><subfield code="a">9783832291853</subfield><subfield code="9">9783832291853</subfield><subfield code="c">: kart. : EUR 30.80</subfield></datafield><datafield tag="035" ind1=" " ind2=" "><subfield code="a">(DE-576)664595111</subfield></datafield><datafield tag="041" ind1=" " ind2=" "><subfield code="a">ger</subfield></datafield><datafield tag="044" ind1=" " ind2=" "><subfield code="c">XA-DE</subfield></datafield><datafield tag="100" ind1="1" ind2=" "><subfield code="a">Gatz, Alla</subfield><subfield code="0">(DE-Frei129)00509337</subfield></datafield><datafield tag="245" ind1="1" ind2="0"><subfield code="a">Was lehrt &quot;Unser Charly&quot;?</subfield><subfield code="b">eine Untersuchung des pädagogischen und ethischen Wertes einer Fernsehserie für Schulkinder</subfield><subfield code="c">Alla Gatz</subfield></datafield><datafield tag="260" ind1="3" ind2=" "><subfield code="a">Aachen</subfield><subfield code="b">Shaker-Verl</subfield><subfield code="c">2010</subfield></datafield><datafield tag="300" ind1=" " ind2=" "><subfield code="a">136 Seiten</subfield><subfield code="b">Ill., graph. Darst., Kt</subfield><subfield code="c">21 cm, 213 gr.</subfield></datafield><datafield tag="490" ind1="0" ind2=" "><subfield code="a">Berichte aus der Biologie</subfield></datafield><datafield tag="500" ind1=" " ind2=" "><subfield code="a">Literaturangaben</subfield></datafield><datafield tag="500" ind1=" " ind2=" "><subfield code="a">IMD-Felder maschinell generiert (GBV)</subfield></datafield><datafield tag="650" ind1=" " ind2="7"><subfield code="a">Bildung</subfield><subfield code="0">(DE-Frei129)00001089</subfield><subfield code="0">(DE-588)4006650-2</subfield><subfield code="2">gnd</subfield></datafield><datafield tag="650" ind1=" " ind2="7"><subfield code="a">Schulkind</subfield><subfield code="0">(DE-Frei129)00010253</subfield><subfield code="0">(DE-588)4077197-0</subfield><subfield code="2">gnd</subfield></datafield><datafield tag="650" ind1=" " ind2="7"><subfield code="a">Primaten</subfield><subfield code="0">(DE-Frei129)00019564</subfield><subfield code="0">(DE-588)4047256-5</subfield><subfield code="2">gnd</subfield></datafield><datafield tag="650" ind1=" " ind2="7"><subfield code="a">Biologie</subfield><subfield code="0">(DE-Frei129)00004031</subfield><subfield code="0">(DE-588)4006851-1</subfield><subfield code="2">gnd</subfield></datafield><datafield tag="650" ind1=" " ind2="7"><subfield code="a">Medienkonsum</subfield><subfield code="0">(DE-Frei129)00038496</subfield><subfield code="0">(DE-588)4120719-1</subfield><subfield code="2">gnd</subfield></datafield><datafield tag="650" ind1=" " ind2="7"><subfield code="a">Fernsehserie</subfield><subfield code="0">(DE-Frei129)00037300</subfield><subfield code="0">(DE-588)4154072-4</subfield><subfield code="2">gnd</subfield></datafield><datafield tag="689" ind1="0" ind2="0"><subfield code="0">(DE-588)4006650-2</subfield><subfield code="D">s</subfield><subfield code="a">Bildung </subfield></datafield><datafield tag="689" ind1="0" ind2="1"><subfield code="0">(DE-588)4077197-0</subfield><subfield code="D">s</subfield><subfield code="a">Schulkind </subfield></datafield><datafield tag="689" ind1="0" ind2="2"><subfield code="0">(DE-588)4047256-5</subfield><subfield code="D">s</subfield><subfield code="a">Primaten </subfield></datafield><datafield tag="689" ind1="0" ind2="3"><subfield code="0">(DE-588)4006851-1</subfield><subfield code="D">s</subfield><subfield code="a">Biologie </subfield></datafield><datafield tag="689" ind1="0" ind2="4"><subfield code="0">(DE-588)4120719-1</subfield><subfield code="D">s</subfield><subfield code="a">Medienkonsum </subfield></datafield><datafield tag="689" ind1="0" ind2="5"><subfield code="0">(DE-588)4154072-4</subfield><subfield code="D">s</subfield><subfield code="a">Fernsehserie</subfield><subfield code="5">DE-101</subfield></datafield><datafield tag="852" ind1=" " ind2=" "><subfield code="a">Frei129</subfield><subfield code="c">Paed M 650: 59</subfield></datafield><datafield tag="856" ind1="4" ind2=" "><subfield code="8">00</subfield><subfield code="u">http://d-nb.info/1003413498/04</subfield><subfield code="y">Kurzbeschreibung des Verlags</subfield></datafield><datafield tag="980" ind1="0" ind2=" "><subfield code="a">00226943</subfield><subfield code="9">(PHFR)</subfield><subfield code="b">EG-Anbau (32)</subfield><subfield code="c">Paed M 650: 59</subfield><subfield code="d">Standardleihe (01)</subfield><subfield code="e">Verfügbar (X)</subfield></datafield></record>