
<record><leader>03631nam a2200000uu 4500</leader><controlfield tag="001">03010787</controlfield><controlfield tag="003">DE-Frei129</controlfield><controlfield tag="005">20220811084023.0</controlfield><controlfield tag="007">tu</controlfield><controlfield tag="008">101117s2010    ||||||||||||||||||||ger||</controlfield><datafield tag="015" ind1=" " ind2=" "><subfield code="a">11,A07</subfield></datafield><datafield tag="016" ind1="7" ind2=" "><subfield code="a">1008156833</subfield><subfield code="2">DE-101</subfield></datafield><datafield tag="020" ind1=" " ind2=" "><subfield code="a">9783834433107</subfield><subfield code="9">9783834433107</subfield><subfield code="c">Kart. : EUR 19.90 (DE), sfr 34.70 (freier Pr.)</subfield></datafield><datafield tag="024" ind1="3" ind2=" "><subfield code="a">9783834433107</subfield></datafield><datafield tag="035" ind1=" " ind2=" "><subfield code="a">(DE-576)640058906</subfield></datafield><datafield tag="041" ind1=" " ind2=" "><subfield code="a">ger</subfield></datafield><datafield tag="044" ind1=" " ind2=" "><subfield code="c">XA-DE-NI</subfield></datafield><datafield tag="100" ind1="1" ind2=" "><subfield code="a">Weber, Nicole</subfield><subfield code="0">(DE-Frei129)00119338</subfield></datafield><datafield tag="245" ind1="1" ind2="0"><subfield code="a">Lernstationen Musik: Instrumente</subfield><subfield code="b">1. - 4. Klasse</subfield><subfield code="c">Nicole Weber</subfield></datafield><datafield tag="250" ind1=" " ind2=" "><subfield code="a">1. Aufl.</subfield></datafield><datafield tag="260" ind1="3" ind2=" "><subfield code="a">Buxtehude</subfield><subfield code="b">Persen</subfield><subfield code="c">2010</subfield></datafield><datafield tag="300" ind1=" " ind2=" "><subfield code="a">98 Seiten</subfield><subfield code="b">Ill.</subfield><subfield code="c">297 mm x 210 mm, 309 g</subfield></datafield><datafield tag="490" ind1="0" ind2=" "><subfield code="a">Bergedorfer Unterrichtsideen</subfield></datafield><datafield tag="500" ind1=" " ind2=" "><subfield code="a">Hier auch später erschienene, unveränderte Nachdrucke</subfield></datafield><datafield tag="500" ind1=" " ind2=" "><subfield code="a">Später Verl.-Ort: Hamburg</subfield></datafield><datafield tag="500" ind1=" " ind2=" "><subfield code="a">IMD-Felder maschinell generiert (GBV)</subfield></datafield><datafield tag="520" ind1=" " ind2=" "><subfield code="a">Weber zeigt, wie Grundschullehrer ihren Schülern Einblick in die Welt der Musikinstrumente geben können. Eine praxisnahe Sammlung von 35 Unterrichtsanregungen, jeweils mit kopierfähigen Informationstexten und Arbeitsaufgaben für die Schüler; gedacht vorrangig für den Einsatz im 3. und 4. Schuljahr, zum Teil sicherlich auch schon im 2. Schuljahr und auch noch in Klasse 5</subfield></datafield><datafield tag="776" ind1="0" ind2="8"><subfield code="a">Nicole Weber</subfield><subfield code="i">Erscheint auch als Online-Ausgabe</subfield><subfield code="t">Lernstationen Musik Instrumente</subfield><subfield code="w">(DE-Frei129)30065483</subfield><subfield code="w">(DE-576)1653184655</subfield></datafield><datafield tag="852" ind1=" " ind2=" "><subfield code="a">Frei 129</subfield><subfield code="b">PHFR</subfield><subfield code="c">LR 56980 W373</subfield></datafield><datafield tag="980" ind1="0" ind2=" "><subfield code="a">00411501</subfield><subfield code="9">(PHFR)</subfield><subfield code="b">3.OG (37)</subfield><subfield code="c">LR 56980 W373</subfield><subfield code="d">Standardleihe (01)</subfield><subfield code="e">ausgeliehen (A) - Fälligkeitsdatum: 04.07.2022</subfield></datafield></record>