
<record><leader>03120nam a2200000uuc4500</leader><controlfield tag="001">03010780</controlfield><controlfield tag="003">DE-Frei129</controlfield><controlfield tag="005">20220811084023.0</controlfield><controlfield tag="007">tu</controlfield><controlfield tag="008">110211s2010    ||||||||||||||||||||ger||</controlfield><datafield tag="015" ind1=" " ind2=" "><subfield code="a">11,A04</subfield></datafield><datafield tag="016" ind1="7" ind2=" "><subfield code="a">1007856351</subfield><subfield code="2">DE-101</subfield></datafield><datafield tag="020" ind1=" " ind2=" "><subfield code="a">9783556059968</subfield><subfield code="9">9783556059968</subfield><subfield code="c">kart.</subfield></datafield><datafield tag="035" ind1=" " ind2=" "><subfield code="a">(DE-576)1407359673</subfield></datafield><datafield tag="041" ind1=" " ind2=" "><subfield code="a">ger</subfield></datafield><datafield tag="044" ind1=" " ind2=" "><subfield code="c">XA-DE</subfield></datafield><datafield tag="100" ind1="1" ind2=" "><subfield code="a">Mankau, Gabriele</subfield><subfield code="0">(DE-Frei129)00485803</subfield></datafield><datafield tag="245" ind1="1" ind2="0"><subfield code="a">Kinder- und Familienzentren als neue Orte frühkindlicher Bildung</subfield><subfield code="n">[Buch]</subfield><subfield code="c">Gabriele Mankau; Harald Seehausen; Wiebke Wüstenberg. Mit einem Film von Franz Gerlach</subfield></datafield><datafield tag="250" ind1=" " ind2=" "><subfield code="a">1. Aufl.</subfield></datafield><datafield tag="260" ind1="3" ind2=" "><subfield code="a">Kronach</subfield><subfield code="b">Link</subfield><subfield code="c">2010</subfield></datafield><datafield tag="300" ind1=" " ind2=" "><subfield code="a">80 Seiten</subfield><subfield code="b">Ill.</subfield><subfield code="c">30 cm</subfield></datafield><datafield tag="500" ind1=" " ind2=" "><subfield code="a">Literaturangaben, Film auf DVD</subfield></datafield><datafield tag="700" ind1="1" ind2=" "><subfield code="0">(DE-588)118177656</subfield><subfield code="0">(DE-Frei129)00074025</subfield><subfield code="a">Seehausen, Harald</subfield><subfield code="4">aut</subfield></datafield><datafield tag="700" ind1="1" ind2=" "><subfield code="0">(DE-Frei129)00099358</subfield><subfield code="a">Wüstenberg, Wiebke</subfield><subfield code="4">aut</subfield></datafield><datafield tag="773" ind1="0" ind2="8"><subfield code="w">(DE-Frei129)03010781</subfield><subfield code="q">[BUCH]</subfield></datafield><datafield tag="852" ind1=" " ind2=" "><subfield code="a">Frei129</subfield><subfield code="c">Paed G 880: 10</subfield></datafield><datafield tag="856" ind1="4" ind2=" "><subfield code="8">00</subfield><subfield code="u">http://d-nb.info/1007856351/04</subfield><subfield code="y">Inhaltsverzeichnis</subfield></datafield><datafield tag="980" ind1="0" ind2=" "><subfield code="a">00213796</subfield><subfield code="9">(PHFR)</subfield><subfield code="b">EG-Anbau (32)</subfield><subfield code="c">Paed G 880: 10</subfield><subfield code="d">Standardleihe (01)</subfield><subfield code="e">Verfügbar (X)</subfield></datafield></record>