
<record><leader>05162nam a2200000uu 4500</leader><controlfield tag="001">03010554</controlfield><controlfield tag="003">DE-Frei129</controlfield><controlfield tag="005">20220811084023.0</controlfield><controlfield tag="007">tu</controlfield><controlfield tag="008">100922s2010    ||||||||||||||||||||ger||</controlfield><datafield tag="015" ind1=" " ind2=" "><subfield code="a">10,A49</subfield></datafield><datafield tag="016" ind1="7" ind2=" "><subfield code="a">1006925538</subfield><subfield code="2">DE-101</subfield></datafield><datafield tag="020" ind1=" " ind2=" "><subfield code="a">9783836697385</subfield><subfield code="9">9783836697385</subfield><subfield code="c">Pb. : EUR 28.00 (DE), EUR 28.00 (AT)</subfield></datafield><datafield tag="024" ind1="3" ind2=" "><subfield code="a">9783836697385</subfield></datafield><datafield tag="035" ind1=" " ind2=" "><subfield code="a">(DE-576)635459671</subfield></datafield><datafield tag="041" ind1=" " ind2=" "><subfield code="a">ger</subfield></datafield><datafield tag="044" ind1=" " ind2=" "><subfield code="c">XA-DE-HH</subfield></datafield><datafield tag="100" ind1="1" ind2=" "><subfield code="a">Röll, Christine</subfield><subfield code="0">(DE-Frei129)03001482</subfield><subfield code="0">(DE-588)142863637</subfield></datafield><datafield tag="245" ind1="1" ind2="0"><subfield code="a">Interkulturelles Lernen in der Erwachsenenbildung</subfield><subfield code="b">eine Methodensammlung zur Entwicklung von interkulturellem Bewusstsein</subfield><subfield code="c">Christine Röll</subfield></datafield><datafield tag="260" ind1="3" ind2=" "><subfield code="a">Hamburg</subfield><subfield code="b">Diplomica Verl.</subfield><subfield code="c">2010</subfield></datafield><datafield tag="300" ind1=" " ind2=" "><subfield code="a">80 Seiten</subfield><subfield code="b">graph. Darst.</subfield><subfield code="c">27 cm</subfield></datafield><datafield tag="500" ind1=" " ind2=" "><subfield code="a">IMD-Felder maschinell generiert (GBV)</subfield></datafield><datafield tag="650" ind1=" " ind2="7"><subfield code="a">Erwachsenenbildung</subfield><subfield code="0">(DE-Frei129)00001618</subfield><subfield code="0">(DE-588)4015428-2</subfield><subfield code="2">gnd</subfield></datafield><datafield tag="650" ind1=" " ind2="7"><subfield code="a">Interkulturelles Lernen</subfield><subfield code="0">(DE-Frei129)00040502</subfield><subfield code="0">(DE-588)4245398-7</subfield><subfield code="2">gnd</subfield></datafield><datafield tag="650" ind1=" " ind2="7"><subfield code="a">Deutschland</subfield><subfield code="0">(DE-Frei129)01666071</subfield><subfield code="2">local</subfield></datafield><datafield tag="650" ind1=" " ind2="7"><subfield code="a">Erziehung/Bildung/Ausbildung</subfield><subfield code="0">(DE-Frei129)01986088</subfield><subfield code="2">local</subfield></datafield><datafield tag="650" ind1=" " ind2="7"><subfield code="a">Kulturaustausch/Kulturkontakt</subfield><subfield code="0">(DE-Frei129)01986089</subfield><subfield code="2">local</subfield></datafield><datafield tag="689" ind1="0" ind2="0"><subfield code="0">(DE-588)4015428-2</subfield><subfield code="D">s</subfield><subfield code="a">Erwachsenenbildung </subfield></datafield><datafield tag="689" ind1="0" ind2="1"><subfield code="0">(DE-588)4245398-7</subfield><subfield code="D">s</subfield><subfield code="a">Interkulturelles Lernen</subfield><subfield code="5">DE-101</subfield></datafield><datafield tag="689" ind1="1" ind2="0"><subfield code="A">s</subfield><subfield code="a">Deutschland </subfield></datafield><datafield tag="689" ind1="1" ind2="1"><subfield code="A">s</subfield><subfield code="a">Erziehung/Bildung/Ausbildung </subfield></datafield><datafield tag="689" ind1="1" ind2="2"><subfield code="A">s</subfield><subfield code="a">Kulturaustausch/Kulturkontakt</subfield><subfield code="5">DE-101</subfield></datafield><datafield tag="776" ind1="0" ind2="8"><subfield code="a">Christine Röll</subfield><subfield code="i">Erscheint auch als Online-Ausgabe</subfield><subfield code="t">Interkulturelles Lernen in der Erwachsenenbildung</subfield><subfield code="w">(DE-Frei129)58490912</subfield><subfield code="w">(DE-576)677572085</subfield></datafield><datafield tag="852" ind1=" " ind2=" "><subfield code="a">Frei 129</subfield><subfield code="b">PHFR</subfield><subfield code="c">Paed P 300: 182</subfield></datafield><datafield tag="856" ind1="4" ind2=" "><subfield code="8">00</subfield><subfield code="u">http://www.gbv.de/dms/bs/toc/635459671.pdf</subfield><subfield code="y">Inhaltsverzeichnis</subfield></datafield><datafield tag="856" ind1="4" ind2=" "><subfield code="8">01</subfield><subfield code="u">http://deposit.d-nb.de/cgi-bin/dokserv?id=3537109&amp;prov=M&amp;dok_var=1&amp;dok_ext=htm</subfield><subfield code="y">Verlagsinformation</subfield></datafield><datafield tag="980" ind1="0" ind2=" "><subfield code="a">00344939</subfield><subfield code="9">(PHFR)</subfield><subfield code="b">EG-Anbau (32)</subfield><subfield code="c">Paed P 300: 182</subfield><subfield code="d">Standardleihe (01)</subfield><subfield code="e">Verfügbar (X)</subfield></datafield></record>