
<record><leader>05000nam a2200000uu 4500</leader><controlfield tag="001">03010046</controlfield><controlfield tag="003">DE-Frei129</controlfield><controlfield tag="005">20220811084023.0</controlfield><controlfield tag="007">tu</controlfield><controlfield tag="008">100915s2010    |||||||||m||||||||||ger||</controlfield><datafield tag="016" ind1="7" ind2=" "><subfield code="a">1006571175</subfield><subfield code="2">DE-101</subfield></datafield><datafield tag="020" ind1=" " ind2=" "><subfield code="a">9783832526054</subfield><subfield code="9">9783832526054</subfield><subfield code="c">kart. : EUR 35.00, EUR 36.00 (AT), sfr 62.30 (freier Pr.)</subfield></datafield><datafield tag="035" ind1=" " ind2=" "><subfield code="a">(DE-576)63518561X</subfield></datafield><datafield tag="041" ind1=" " ind2=" "><subfield code="a">ger</subfield></datafield><datafield tag="044" ind1=" " ind2=" "><subfield code="c">XA-DE-BE</subfield><subfield code="c">XA-DE</subfield></datafield><datafield tag="100" ind1="1" ind2=" "><subfield code="a">Schmelzing, Stephan</subfield><subfield code="0">(DE-Frei129)03001392</subfield></datafield><datafield tag="245" ind1="1" ind2="4"><subfield code="a">Das fachdidaktische Wissen von Biologielehrkräften</subfield><subfield code="b">Konzeptionalisierung, Diagnostik, Struktur und Entwicklung im Rahmen der Biologielehrerbildung</subfield><subfield code="c">von Stephan Schmelzing</subfield></datafield><datafield tag="260" ind1="3" ind2=" "><subfield code="a">Berlin</subfield><subfield code="b">Logos-Verl.</subfield><subfield code="c">2010</subfield></datafield><datafield tag="300" ind1=" " ind2=" "><subfield code="a">165 Seiten</subfield><subfield code="b">Ill., graph. Darst.</subfield><subfield code="c">21 cm</subfield></datafield><datafield tag="500" ind1=" " ind2=" "><subfield code="a">Duisburg</subfield></datafield><datafield tag="500" ind1=" " ind2=" "><subfield code="a">Essen</subfield></datafield><datafield tag="500" ind1=" " ind2=" "><subfield code="a">IMD-Felder maschinell generiert (GBV)</subfield></datafield><datafield tag="502" ind1=" " ind2=" "><subfield code="a">Zugl.: Duisburg, Essen, Univ., Diss., 2010</subfield></datafield><datafield tag="650" ind1=" " ind2="7"><subfield code="a">Biologielehrer</subfield><subfield code="0">(DE-Frei129)00054507</subfield><subfield code="0">(DE-588)4145612-9</subfield><subfield code="2">gnd</subfield></datafield><datafield tag="650" ind1=" " ind2="7"><subfield code="a">Fachdidaktik</subfield><subfield code="0">(DE-Frei129)00040269</subfield><subfield code="0">(DE-588)4123176-4</subfield><subfield code="2">gnd</subfield></datafield><datafield tag="650" ind1=" " ind2="7"><subfield code="a">Lehrerbildung</subfield><subfield code="0">(DE-Frei129)00015166</subfield><subfield code="0">(DE-588)4035093-9</subfield><subfield code="2">gnd</subfield></datafield><datafield tag="689" ind1="0" ind2="0"><subfield code="0">(DE-588)4145612-9</subfield><subfield code="D">s</subfield><subfield code="a">Biologielehrer </subfield></datafield><datafield tag="689" ind1="0" ind2="1"><subfield code="0">(DE-588)4123176-4</subfield><subfield code="D">s</subfield><subfield code="a">Fachdidaktik </subfield></datafield><datafield tag="689" ind1="0" ind2="2"><subfield code="0">(DE-588)4035093-9</subfield><subfield code="D">s</subfield><subfield code="a">Lehrerbildung</subfield><subfield code="5">DE-101</subfield></datafield><datafield tag="776" ind1="0" ind2="8"><subfield code="a">Stephan Schmelzing</subfield><subfield code="i">Erscheint auch als Online-Ausgabe</subfield><subfield code="t">Das fachdidaktische Wissen von Biologielehrkräften: Konzeptionalisierung, Diagnostik, Struktur und Entwicklung im Rahmen der Biologielehrerbildung</subfield><subfield code="w">(DE-Frei129)03901695</subfield><subfield code="w">(DE-576)100986002X</subfield></datafield><datafield tag="852" ind1=" " ind2=" "><subfield code="a">Frei129</subfield><subfield code="c">Bio F 80: 6</subfield></datafield><datafield tag="856" ind1="4" ind2=" "><subfield code="8">00</subfield><subfield code="u">http://d-nb.info/1006571175/04</subfield><subfield code="y">Kurzbeschreibung des Verlags</subfield></datafield><datafield tag="856" ind1="4" ind2=" "><subfield code="8">01</subfield><subfield code="u">http://deposit.d-nb.de/cgi-bin/dokserv?id=3532935&amp;prov=M&amp;dok_var=1&amp;dok_ext=htm</subfield><subfield code="y">Verlagsinformation</subfield></datafield><datafield tag="856" ind1="4" ind2=" "><subfield code="8">02</subfield><subfield code="u">http://digitale-objekte.hbz-nrw.de/webclient/DeliveryManager?pid=3966599&amp;custom_att_2=simple_viewer</subfield><subfield code="y">Verlagsinformation</subfield></datafield><datafield tag="980" ind1="0" ind2=" "><subfield code="a">00213635</subfield><subfield code="9">(PHFR)</subfield><subfield code="b">UG (33)</subfield><subfield code="c">Bio F 80: 6</subfield><subfield code="d">Standardleihe (01)</subfield><subfield code="e">Verfügbar (X)</subfield></datafield></record>