
<record><leader>07164nam a2200000uu 4500</leader><controlfield tag="001">03009897</controlfield><controlfield tag="003">DE-Frei129</controlfield><controlfield tag="005">20220811084023.0</controlfield><controlfield tag="007">tu</controlfield><controlfield tag="008">110322s2010    ||||||||||||||||||||ger||</controlfield><datafield tag="015" ind1=" " ind2=" "><subfield code="a">11,A22</subfield></datafield><datafield tag="016" ind1="7" ind2=" "><subfield code="a">1009595644</subfield><subfield code="2">DE-101</subfield></datafield><datafield tag="020" ind1=" " ind2=" "><subfield code="a">9783834608147</subfield><subfield code="9">9783834608147</subfield><subfield code="c">kart. : EUR 16.80 (DE), EUR 17.30 (AT), sfr 27.10 (freier Pr.)</subfield></datafield><datafield tag="024" ind1="3" ind2=" "><subfield code="a">9783834608147</subfield></datafield><datafield tag="035" ind1=" " ind2=" "><subfield code="a">(DE-576)654597839</subfield></datafield><datafield tag="041" ind1=" " ind2=" "><subfield code="a">ger</subfield></datafield><datafield tag="044" ind1=" " ind2=" "><subfield code="c">XA-DE-NW</subfield></datafield><datafield tag="100" ind1="1" ind2=" "><subfield code="a">Verlemann, Stefan</subfield><subfield code="0">(DE-Frei129)00485808</subfield></datafield><datafield tag="245" ind1="1" ind2="0"><subfield code="a">Schüler werden Pausenhelfer</subfield><subfield code="b">ein Konzept für die Mittagsfreizeit in der Ganztagsschule</subfield><subfield code="c">Stefan Verlemann, Thorben Zilske</subfield></datafield><datafield tag="260" ind1="3" ind2=" "><subfield code="a">Mülheim an der Ruhr</subfield><subfield code="b">Verl. an der Ruhr</subfield><subfield code="c">2010</subfield></datafield><datafield tag="300" ind1=" " ind2=" "><subfield code="a">151 Seiten</subfield><subfield code="b">Ill.</subfield><subfield code="c">230 mm x 160 mm</subfield></datafield><datafield tag="500" ind1=" " ind2=" "><subfield code="a">Geeignet für die Klasse 8-13</subfield></datafield><datafield tag="500" ind1=" " ind2=" "><subfield code="a">IMD-Felder maschinell generiert (GBV)</subfield></datafield><datafield tag="650" ind1=" " ind2="7"><subfield code="a">Sekundarstufe</subfield><subfield code="0">(DE-Frei129)00011250</subfield><subfield code="0">(DE-588)4077347-4</subfield><subfield code="2">gnd</subfield></datafield><datafield tag="650" ind1=" " ind2="7"><subfield code="a">Schulpause</subfield><subfield code="0">(DE-Frei129)00021644</subfield><subfield code="0">(DE-588)4053530-7</subfield><subfield code="2">gnd</subfield></datafield><datafield tag="650" ind1=" " ind2="7"><subfield code="a">Freizeitpädagogik</subfield><subfield code="0">(DE-Frei129)00008690</subfield><subfield code="0">(DE-588)4018394-4</subfield><subfield code="2">gnd</subfield></datafield><datafield tag="650" ind1=" " ind2="7"><subfield code="a">Ganztagsschule</subfield><subfield code="0">(DE-Frei129)00057924</subfield><subfield code="0">(DE-588)4155947-2</subfield><subfield code="2">gnd</subfield></datafield><datafield tag="650" ind1=" " ind2="7"><subfield code="a">Schulpause</subfield><subfield code="0">(DE-Frei129)00021644</subfield><subfield code="0">(DE-588)4053530-7</subfield><subfield code="2">gnd</subfield></datafield><datafield tag="650" ind1=" " ind2="7"><subfield code="a">Helfer</subfield><subfield code="0">(DE-Frei129)00006440</subfield><subfield code="0">(DE-588)4113876-4</subfield><subfield code="2">gnd</subfield></datafield><datafield tag="650" ind1=" " ind2="7"><subfield code="a">Sekundarstufe</subfield><subfield code="0">(DE-Frei129)00011250</subfield><subfield code="0">(DE-588)4077347-4</subfield><subfield code="2">gnd</subfield></datafield><datafield tag="650" ind1=" " ind2="7"><subfield code="a">Schüler</subfield><subfield code="0">(DE-Frei129)00002305</subfield><subfield code="0">(DE-588)4053369-4</subfield><subfield code="2">gnd</subfield></datafield><datafield tag="650" ind1=" " ind2="7"><subfield code="a">Paperback</subfield><subfield code="x">softback</subfield><subfield code="0">(DE-Frei129)02516355</subfield><subfield code="2">local</subfield></datafield><datafield tag="650" ind1=" " ind2="7"><subfield code="a">Vor-, Grund- und weiterführende Schulen</subfield><subfield code="0">(DE-Frei129)14267284</subfield><subfield code="2">local</subfield></datafield><datafield tag="650" ind1=" " ind2="7"><subfield code="a">ab 13 Jahre bis 19 Jahre</subfield><subfield code="0">(DE-Frei129)14852112</subfield><subfield code="2">local</subfield></datafield><datafield tag="689" ind1="0" ind2="0"><subfield code="0">(DE-588)4018394-4</subfield><subfield code="D">s</subfield><subfield code="a">Freizeitpädagogik </subfield></datafield><datafield tag="689" ind1="0" ind2="1"><subfield code="0">(DE-588)4155947-2</subfield><subfield code="D">s</subfield><subfield code="a">Ganztagsschule </subfield></datafield><datafield tag="689" ind1="0" ind2="2"><subfield code="0">(DE-588)4053530-7</subfield><subfield code="D">s</subfield><subfield code="a">Schulpause </subfield></datafield><datafield tag="689" ind1="0" ind2="3"><subfield code="0">(DE-588)4113876-4</subfield><subfield code="D">s</subfield><subfield code="a">Helfer </subfield></datafield><datafield tag="689" ind1="0" ind2="4"><subfield code="0">(DE-588)4077347-4</subfield><subfield code="D">s</subfield><subfield code="a">Sekundarstufe </subfield></datafield><datafield tag="689" ind1="0" ind2="5"><subfield code="0">(DE-588)4053369-4</subfield><subfield code="D">s</subfield><subfield code="a">Schüler</subfield><subfield code="5">DE-101</subfield></datafield><datafield tag="689" ind1="1" ind2="0"><subfield code="A">s</subfield><subfield code="a">Paperback / softback</subfield><subfield code="5">DE-101</subfield></datafield><datafield tag="689" ind1="2" ind2="0"><subfield code="A">s</subfield><subfield code="a">Vor-, Grund- und weiterführende Schulen</subfield><subfield code="5">DE-101</subfield></datafield><datafield tag="689" ind1="3" ind2="0"><subfield code="A">s</subfield><subfield code="a">ab 13 Jahre bis 19 Jahre</subfield><subfield code="5">DE-101</subfield></datafield><datafield tag="700" ind1="1" ind2=" "><subfield code="0">(DE-Frei129)00485809</subfield><subfield code="a">Zilske, Thorben</subfield><subfield code="4">aut</subfield></datafield><datafield tag="852" ind1=" " ind2=" "><subfield code="a">Frei129</subfield><subfield code="c">Paed L 500: 104</subfield></datafield><datafield tag="856" ind1="4" ind2=" "><subfield code="8">00</subfield><subfield code="u">http://d-nb.info/1009595644/04</subfield><subfield code="y">Inhaltsverzeichnis</subfield></datafield><datafield tag="856" ind1="4" ind2=" "><subfield code="8">01</subfield><subfield code="u">http://deposit.d-nb.de/cgi-bin/dokserv?id=3653925&amp;prov=M&amp;dok_var=1&amp;dok_ext=htm</subfield><subfield code="y">Verlagsinformation</subfield></datafield><datafield tag="980" ind1="0" ind2=" "><subfield code="a">00219213</subfield><subfield code="9">(PHFR)</subfield><subfield code="b">EG-Anbau (32)</subfield><subfield code="c">Paed L 500: 104</subfield><subfield code="d">Standardleihe (01)</subfield><subfield code="e">Verfügbar (X)</subfield></datafield></record>