
<record><leader>05571nam a2200000uu 4500</leader><controlfield tag="001">03009884</controlfield><controlfield tag="003">DE-Frei129</controlfield><controlfield tag="005">20220811084023.0</controlfield><controlfield tag="007">tu</controlfield><controlfield tag="008">101027s2010    |||||||||m||||||||||ger||</controlfield><datafield tag="015" ind1=" " ind2=" "><subfield code="a">11,A22</subfield></datafield><datafield tag="016" ind1="7" ind2=" "><subfield code="a">1007746696</subfield><subfield code="2">DE-101</subfield></datafield><datafield tag="020" ind1=" " ind2=" "><subfield code="a">9783832526450</subfield><subfield code="9">9783832526450</subfield><subfield code="c">kart. : EUR 42.00 (DE), EUR 43.20 (AT), sfr 75.00 (freier Pr.)</subfield></datafield><datafield tag="024" ind1="3" ind2=" "><subfield code="a">9783832526450</subfield></datafield><datafield tag="035" ind1=" " ind2=" "><subfield code="a">(DE-576)638020352</subfield></datafield><datafield tag="041" ind1=" " ind2=" "><subfield code="a">ger</subfield></datafield><datafield tag="044" ind1=" " ind2=" "><subfield code="c">XA-DE-BE</subfield></datafield><datafield tag="100" ind1="1" ind2=" "><subfield code="a">Kraska, Lena</subfield><subfield code="0">(DE-Frei129)16004023</subfield><subfield code="0">(DE-588)1043033831</subfield></datafield><datafield tag="245" ind1="1" ind2="0"><subfield code="a">Hypertext-Lesekompetenz von Viertklässlern</subfield><subfield code="b">Untersuchung von Navigationsstrategien und Einflussfaktoren mit Daten aus den Studien &quot;Lesen am Computer&quot; (LaC 2003) und &quot;Kompetenzen und Einstellungen von Schülerinnen und Schülern&quot; (KESS 4)</subfield><subfield code="c">Lena Maria Kraska</subfield></datafield><datafield tag="260" ind1="3" ind2=" "><subfield code="a">Berlin</subfield><subfield code="b">Logos Verl.</subfield><subfield code="c">2010</subfield></datafield><datafield tag="300" ind1=" " ind2=" "><subfield code="a">200 Seiten</subfield><subfield code="b">Ill., graph. Darst.</subfield><subfield code="c">210 mm x 145 mm</subfield></datafield><datafield tag="500" ind1=" " ind2=" "><subfield code="a">Hamburg</subfield></datafield><datafield tag="500" ind1=" " ind2=" "><subfield code="a">Literaturverz.:  S. 173-182</subfield></datafield><datafield tag="500" ind1=" " ind2=" "><subfield code="a">IMD-Felder maschinell generiert (GBV)</subfield></datafield><datafield tag="502" ind1=" " ind2=" "><subfield code="a">Zugl.: Hamburg, Univ., FB Erziehungswiss., Diss., 2010</subfield></datafield><datafield tag="650" ind1=" " ind2="7"><subfield code="a">Schuljahr 4</subfield><subfield code="0">(DE-Frei129)00021623</subfield><subfield code="0">(DE-588)4053505-8</subfield><subfield code="2">gnd</subfield></datafield><datafield tag="650" ind1=" " ind2="7"><subfield code="a">Lesekompetenz</subfield><subfield code="0">(DE-Frei129)00062278</subfield><subfield code="0">(DE-588)4674421-6</subfield><subfield code="2">gnd</subfield></datafield><datafield tag="650" ind1=" " ind2="7"><subfield code="a">Hypertext</subfield><subfield code="0">(DE-Frei129)00079354</subfield><subfield code="0">(DE-588)4239975-0</subfield><subfield code="2">gnd</subfield></datafield><datafield tag="650" ind1=" " ind2="7"><subfield code="a">Kognitive Kompetenz</subfield><subfield code="0">(DE-Frei129)00047802</subfield><subfield code="0">(DE-588)4164465-7</subfield><subfield code="2">gnd</subfield></datafield><datafield tag="689" ind1="0" ind2="0"><subfield code="0">(DE-588)4053505-8</subfield><subfield code="D">s</subfield><subfield code="a">Schuljahr 4 </subfield></datafield><datafield tag="689" ind1="0" ind2="1"><subfield code="0">(DE-588)4674421-6</subfield><subfield code="D">s</subfield><subfield code="a">Lesekompetenz </subfield></datafield><datafield tag="689" ind1="0" ind2="2"><subfield code="0">(DE-588)4239975-0</subfield><subfield code="D">s</subfield><subfield code="a">Hypertext </subfield></datafield><datafield tag="689" ind1="0" ind2="3"><subfield code="0">(DE-588)4164465-7</subfield><subfield code="D">s</subfield><subfield code="a">Kognitive Kompetenz</subfield><subfield code="5">DE-101</subfield></datafield><datafield tag="700" ind1="1" ind2=" "><subfield code="0">(DE-Frei129)00509025</subfield><subfield code="a">Kraska, Lena Maria</subfield><subfield code="4">oth</subfield></datafield><datafield tag="776" ind1="0" ind2="8"><subfield code="a">Lena Maria Kraska</subfield><subfield code="i">Erscheint auch als Online-Ausgabe</subfield><subfield code="t">Hypertext-Lesekompetenz von Viertklässlern</subfield><subfield code="w">(DE-Frei129)03902057</subfield><subfield code="w">(DE-576)1009863622</subfield></datafield><datafield tag="852" ind1=" " ind2=" "><subfield code="a">Frei 129</subfield><subfield code="b">PHFR</subfield><subfield code="c">GB 2966 K89</subfield></datafield><datafield tag="856" ind1="4" ind2=" "><subfield code="8">00</subfield><subfield code="u">http://deposit.d-nb.de/cgi-bin/dokserv?id=3551372&amp;prov=M&amp;dok_var=1&amp;dok_ext=htm</subfield><subfield code="y">Inhaltstext</subfield></datafield><datafield tag="856" ind1="4" ind2=" "><subfield code="8">01</subfield><subfield code="u">http://d-nb.info/1007746696/04</subfield><subfield code="y">Verlagsinformation</subfield></datafield><datafield tag="980" ind1="0" ind2=" "><subfield code="a">00220950</subfield><subfield code="9">(PHFR)</subfield><subfield code="b">2.OG (35)</subfield><subfield code="c">GB 2966 K89</subfield><subfield code="d">Standardleihe (01)</subfield><subfield code="e">Verfügbar (X)</subfield></datafield></record>