
<record><leader>13975nam a2200000uu 4500</leader><controlfield tag="001">03009866</controlfield><controlfield tag="003">DE-Frei129</controlfield><controlfield tag="005">20220811084023.0</controlfield><controlfield tag="007">tu</controlfield><controlfield tag="008">100209s2010    ||||||||||||||||||||ger||</controlfield><datafield tag="015" ind1=" " ind2=" "><subfield code="a">10,N05</subfield></datafield><datafield tag="016" ind1="7" ind2=" "><subfield code="a">999850105</subfield><subfield code="2">DE-101</subfield></datafield><datafield tag="020" ind1=" " ind2=" "><subfield code="a">3643501439</subfield><subfield code="9">3643501439</subfield></datafield><datafield tag="020" ind1=" " ind2=" "><subfield code="a">9783643501431</subfield><subfield code="9">9783643501431</subfield><subfield code="c">PB. : EUR 19.90, sfr 31.90 (freier Pr.)</subfield></datafield><datafield tag="024" ind1="3" ind2=" "><subfield code="a">9783643501431</subfield></datafield><datafield tag="035" ind1=" " ind2=" "><subfield code="a">(DE-576)618216359</subfield></datafield><datafield tag="041" ind1=" " ind2=" "><subfield code="a">ger</subfield></datafield><datafield tag="044" ind1=" " ind2=" "><subfield code="c">XA-AT</subfield><subfield code="c">XA-DE</subfield><subfield code="c">XA-DE-NW</subfield></datafield><datafield tag="245" ind1="1" ind2="0"><subfield code="a">Europäische Dimensionen in der Bildungsarbeit</subfield><subfield code="b">Intensiv-Programm EURIDENT</subfield><subfield code="c">Renate Seebauer (Hg.)</subfield></datafield><datafield tag="260" ind1="3" ind2=" "><subfield code="a">Wien ; Berlin ; Münster</subfield><subfield code="b">LIT-Verl</subfield><subfield code="c">2010</subfield></datafield><datafield tag="300" ind1=" " ind2=" "><subfield code="a">212 Seiten</subfield><subfield code="b">graph. Darst.</subfield><subfield code="c">210 mm x 147 mm</subfield></datafield><datafield tag="490" ind1="1" ind2=" "><subfield code="a">Interkulturelle Pädagogik </subfield><subfield code="v">8</subfield></datafield><datafield tag="500" ind1=" " ind2=" "><subfield code="a">IMD-Felder maschinell generiert (GBV)</subfield></datafield><datafield tag="610" ind1="2" ind2="7"><subfield code="a">Erasmus (Förderungsprogramm)</subfield><subfield code="0">(DE-Frei129)00010325</subfield><subfield code="0">(DE-588)84976-5</subfield><subfield code="2">gnd</subfield></datafield><datafield tag="650" ind1=" " ind2="7"><subfield code="a">Bildungswesen</subfield><subfield code="0">(DE-Frei129)00003927</subfield><subfield code="0">(DE-588)4006681-2</subfield><subfield code="2">gnd</subfield></datafield><datafield tag="650" ind1=" " ind2="7"><subfield code="a">Entwicklung</subfield><subfield code="0">(DE-Frei129)00028659</subfield><subfield code="0">(DE-588)4113450-3</subfield><subfield code="2">gnd</subfield></datafield><datafield tag="650" ind1=" " ind2="7"><subfield code="a">Curriculum</subfield><subfield code="0">(DE-Frei129)00005251</subfield><subfield code="0">(DE-588)4010781-4</subfield><subfield code="2">gnd</subfield></datafield><datafield tag="650" ind1=" " ind2="7"><subfield code="a">Lehrplan</subfield><subfield code="0">(DE-Frei129)00005252</subfield><subfield code="0">(DE-588)4035117-8</subfield><subfield code="2">gnd</subfield></datafield><datafield tag="650" ind1=" " ind2="7"><subfield code="a">Europäische Integration</subfield><subfield code="0">(DE-Frei129)00028623</subfield><subfield code="0">(DE-588)4071013-0</subfield><subfield code="2">gnd</subfield></datafield><datafield tag="650" ind1=" " ind2="7"><subfield code="a">Sage</subfield><subfield code="0">(DE-Frei129)00021065</subfield><subfield code="0">(DE-588)4051288-5</subfield><subfield code="2">gnd</subfield></datafield><datafield tag="650" ind1=" " ind2="7"><subfield code="a">Fremdbild</subfield><subfield code="0">(DE-Frei129)00008709</subfield><subfield code="0">(DE-588)4127240-7</subfield><subfield code="2">gnd</subfield></datafield><datafield tag="650" ind1=" " ind2="7"><subfield code="a">Deutsche</subfield><subfield code="x">Motiv</subfield><subfield code="0">(DE-Frei129)00005854</subfield><subfield code="0">(DE-588)4219568-8</subfield><subfield code="2">gnd</subfield></datafield><datafield tag="650" ind1=" " ind2="7"><subfield code="a">Türkenbild</subfield><subfield code="0">(DE-Frei129)00069314</subfield><subfield code="0">(DE-588)4186406-2</subfield><subfield code="2">gnd</subfield></datafield><datafield tag="650" ind1=" " ind2="7"><subfield code="a">Zigeunerbild</subfield><subfield code="0">(DE-Frei129)00083512</subfield><subfield code="0">(DE-588)4281947-7</subfield><subfield code="2">gnd</subfield></datafield><datafield tag="650" ind1=" " ind2="7"><subfield code="a">Sprachgebrauch</subfield><subfield code="0">(DE-Frei129)00043973</subfield><subfield code="0">(DE-588)4191506-9</subfield><subfield code="2">gnd</subfield></datafield><datafield tag="650" ind1=" " ind2="7"><subfield code="a">Diskriminierung</subfield><subfield code="0">(DE-Frei129)00006096</subfield><subfield code="0">(DE-588)4012472-1</subfield><subfield code="2">gnd</subfield></datafield><datafield tag="650" ind1=" " ind2="7"><subfield code="a">EU/EG sowie Mitgliedsländer</subfield><subfield code="0">(DE-Frei129)02350067</subfield><subfield code="2">local</subfield></datafield><datafield tag="650" ind1=" " ind2="7"><subfield code="a">Auslandsbild/Fremdbilder</subfield><subfield code="0">(DE-Frei129)02349710</subfield><subfield code="2">local</subfield></datafield><datafield tag="650" ind1=" " ind2="7"><subfield code="a">Erziehung/Bildung/Ausbildung</subfield><subfield code="0">(DE-Frei129)01986088</subfield><subfield code="2">local</subfield></datafield><datafield tag="651" ind1=" " ind2="7"><subfield code="a">Europa</subfield><subfield code="0">(DE-Frei129)00007416</subfield><subfield code="0">(DE-588)4015701-5</subfield><subfield code="2">gnd</subfield></datafield><datafield tag="651" ind1=" " ind2="7"><subfield code="a">Belgien</subfield><subfield code="0">(DE-Frei129)00003207</subfield><subfield code="0">(DE-588)4005406-8</subfield><subfield code="2">gnd</subfield></datafield><datafield tag="651" ind1=" " ind2="7"><subfield code="a">Estland</subfield><subfield code="0">(DE-Frei129)00007358</subfield><subfield code="0">(DE-588)4015587-0</subfield><subfield code="2">gnd</subfield></datafield><datafield tag="651" ind1=" " ind2="7"><subfield code="a">Norwegen</subfield><subfield code="0">(DE-Frei129)00017761</subfield><subfield code="0">(DE-588)4042640-3</subfield><subfield code="2">gnd</subfield></datafield><datafield tag="651" ind1=" " ind2="7"><subfield code="a">Österreich</subfield><subfield code="0">(DE-Frei129)00018061</subfield><subfield code="0">(DE-588)4043271-3</subfield><subfield code="2">gnd</subfield></datafield><datafield tag="651" ind1=" " ind2="7"><subfield code="a">Polen</subfield><subfield code="0">(DE-Frei129)00019222</subfield><subfield code="0">(DE-588)4046496-9</subfield><subfield code="2">gnd</subfield></datafield><datafield tag="651" ind1=" " ind2="7"><subfield code="a">Slowenien</subfield><subfield code="0">(DE-Frei129)00022304</subfield><subfield code="0">(DE-588)4055302-4</subfield><subfield code="2">gnd</subfield></datafield><datafield tag="651" ind1=" " ind2="7"><subfield code="a">Spanien</subfield><subfield code="0">(DE-Frei129)00017779</subfield><subfield code="0">(DE-588)4055964-6</subfield><subfield code="2">gnd</subfield></datafield><datafield tag="651" ind1=" " ind2="7"><subfield code="a">Türkei</subfield><subfield code="0">(DE-Frei129)00024541</subfield><subfield code="0">(DE-588)4061163-2</subfield><subfield code="2">gnd</subfield></datafield><datafield tag="651" ind1=" " ind2="7"><subfield code="a">Ungarn</subfield><subfield code="0">(DE-Frei129)00032943</subfield><subfield code="0">(DE-588)4078541-5</subfield><subfield code="2">gnd</subfield></datafield><datafield tag="651" ind1=" " ind2="7"><subfield code="a">Motiv</subfield><subfield code="0">(DE-Frei129)00757372</subfield><subfield code="2">local</subfield></datafield><datafield tag="689" ind1="0" ind2="0"><subfield code="0">(DE-588)4015701-5</subfield><subfield code="D">g</subfield><subfield code="a">Europa </subfield></datafield><datafield tag="689" ind1="0" ind2="1"><subfield code="0">(DE-588)4006681-2</subfield><subfield code="D">s</subfield><subfield code="a">Bildungswesen </subfield></datafield><datafield tag="689" ind1="0" ind2="2"><subfield code="0">(DE-588)4113450-3</subfield><subfield code="D">s</subfield><subfield code="a">Entwicklung</subfield><subfield code="5">DE-101</subfield></datafield><datafield tag="689" ind1="1" ind2="0"><subfield code="0">(DE-588)84976-5</subfield><subfield code="D">b</subfield><subfield code="a">Erasmus (Förderungsprogramm) </subfield></datafield><datafield tag="689" ind1="1" ind2="1"><subfield code="0">(DE-588)4005406-8</subfield><subfield code="D">g</subfield><subfield code="a">Belgien </subfield></datafield><datafield tag="689" ind1="1" ind2="2"><subfield code="0">(DE-588)4015587-0</subfield><subfield code="D">g</subfield><subfield code="a">Estland </subfield></datafield><datafield tag="689" ind1="1" ind2="3"><subfield code="0">(DE-588)4042640-3</subfield><subfield code="D">g</subfield><subfield code="a">Norwegen </subfield></datafield><datafield tag="689" ind1="1" ind2="4"><subfield code="0">(DE-588)4043271-3</subfield><subfield code="D">g</subfield><subfield code="a">Österreich </subfield></datafield><datafield tag="689" ind1="1" ind2="5"><subfield code="0">(DE-588)4046496-9</subfield><subfield code="D">g</subfield><subfield code="a">Polen </subfield></datafield><datafield tag="689" ind1="1" ind2="6"><subfield code="0">(DE-588)4055302-4</subfield><subfield code="D">g</subfield><subfield code="a">Slowenien </subfield></datafield><datafield tag="689" ind1="1" ind2="7"><subfield code="0">(DE-588)4055964-6</subfield><subfield code="D">g</subfield><subfield code="a">Spanien </subfield></datafield><datafield tag="689" ind1="1" ind2="8"><subfield code="0">(DE-588)4061163-2</subfield><subfield code="D">g</subfield><subfield code="a">Türkei </subfield></datafield><datafield tag="689" ind1="1" ind2="9"><subfield code="0">(DE-588)4010781-4</subfield><subfield code="D">s</subfield><subfield code="a">Curriculum </subfield></datafield><datafield tag="689" ind1="2" ind2="0"><subfield code="0">(DE-588)4015701-5</subfield><subfield code="D">g</subfield><subfield code="a">Europa </subfield></datafield><datafield tag="689" ind1="2" ind2="1"><subfield code="0">(DE-588)4051288-5</subfield><subfield code="D">s</subfield><subfield code="a">Sage </subfield></datafield><datafield tag="689" ind1="2" ind2="2"><subfield code="0">(DE-588)4127240-7</subfield><subfield code="D">s</subfield><subfield code="a">Fremdbild</subfield><subfield code="5">DE-101</subfield></datafield><datafield tag="689" ind1="3" ind2="0"><subfield code="0">(DE-588)4078541-5</subfield><subfield code="D">g</subfield><subfield code="a">Ungarn </subfield></datafield><datafield tag="689" ind1="3" ind2="1"><subfield code="0">(DE-588)4051288-5</subfield><subfield code="D">s</subfield><subfield code="a">Sage </subfield></datafield><datafield tag="689" ind1="3" ind2="2"><subfield code="0">(DE-588)4219568-8</subfield><subfield code="D">s</subfield><subfield code="a">Deutsche / Motiv </subfield></datafield><datafield tag="689" ind1="3" ind2="3"><subfield code="A">s</subfield><subfield code="a">Motiv </subfield></datafield><datafield tag="689" ind1="3" ind2="4"><subfield code="0">(DE-588)4186406-2</subfield><subfield code="D">s</subfield><subfield code="a">Türkenbild </subfield></datafield><datafield tag="689" ind1="3" ind2="5"><subfield code="0">(DE-588)4281947-7</subfield><subfield code="D">s</subfield><subfield code="a">Zigeunerbild</subfield><subfield code="5">DE-101</subfield></datafield><datafield tag="689" ind1="4" ind2="0"><subfield code="0">(DE-588)4191506-9</subfield><subfield code="D">s</subfield><subfield code="a">Sprachgebrauch </subfield></datafield><datafield tag="689" ind1="4" ind2="1"><subfield code="0">(DE-588)4012472-1</subfield><subfield code="D">s</subfield><subfield code="a">Diskriminierung</subfield><subfield code="5">DE-101</subfield></datafield><datafield tag="689" ind1="5" ind2="0"><subfield code="A">s</subfield><subfield code="a">EU/EG sowie Mitgliedsländer </subfield></datafield><datafield tag="689" ind1="5" ind2="1"><subfield code="A">s</subfield><subfield code="a">Auslandsbild/Fremdbilder </subfield></datafield><datafield tag="689" ind1="5" ind2="2"><subfield code="A">s</subfield><subfield code="a">Erziehung/Bildung/Ausbildung</subfield><subfield code="5">DE-101</subfield></datafield><datafield tag="700" ind1="1" ind2=" "><subfield code="0">(DE-588)120529467</subfield><subfield code="0">(DE-Frei129)00051270</subfield><subfield code="a">Seebauer, Renate</subfield><subfield code="4">Hrsg.</subfield></datafield><datafield tag="830" ind1=" " ind2="0"><subfield code="a">Interkulturelle Pädagogik</subfield><subfield code="v">8</subfield><subfield code="w">(DE-Frei129)00268770</subfield><subfield code="9">18</subfield></datafield><datafield tag="852" ind1=" " ind2=" "><subfield code="a">Frei129</subfield><subfield code="c">Paed E 100: 294</subfield></datafield><datafield tag="856" ind1="4" ind2=" "><subfield code="8">00</subfield><subfield code="u">http://deposit.d-nb.de/cgi-bin/dokserv?id=3420063&amp;prov=M&amp;dok_var=1&amp;dok_ext=htm</subfield><subfield code="y">Inhaltstext</subfield></datafield><datafield tag="856" ind1="4" ind2=" "><subfield code="8">01</subfield><subfield code="u">http://d-nb.info/999850105/04</subfield><subfield code="y">Verlagsinformation</subfield></datafield><datafield tag="980" ind1="0" ind2=" "><subfield code="a">00210755</subfield><subfield code="9">(PHFR)</subfield><subfield code="b">EG-Anbau (32)</subfield><subfield code="c">Paed E 100: 294</subfield><subfield code="d">Standardleihe (01)</subfield><subfield code="e">Verfügbar (X)</subfield></datafield></record>