
<record><leader>05977nam a2200000uu 4500</leader><controlfield tag="001">03009856</controlfield><controlfield tag="003">DE-Frei129</controlfield><controlfield tag="005">20220811084024.0</controlfield><controlfield tag="007">tu</controlfield><controlfield tag="008">100623s2010    ||||||||||||||||||||ger||</controlfield><datafield tag="015" ind1=" " ind2=" "><subfield code="a">11,A22</subfield></datafield><datafield tag="016" ind1="7" ind2=" "><subfield code="a">1003635113</subfield><subfield code="2">DE-101</subfield></datafield><datafield tag="020" ind1=" " ind2=" "><subfield code="a">9783902719652</subfield><subfield code="9">9783902719652</subfield><subfield code="c">PB. : EUR 22.90 (AT)</subfield></datafield><datafield tag="024" ind1="3" ind2=" "><subfield code="a">9783902719652</subfield></datafield><datafield tag="035" ind1=" " ind2=" "><subfield code="a">(DE-576)629940622</subfield></datafield><datafield tag="041" ind1=" " ind2=" "><subfield code="a">ger</subfield><subfield code="a">eng</subfield></datafield><datafield tag="044" ind1=" " ind2=" "><subfield code="c">XA-AT</subfield></datafield><datafield tag="245" ind1="1" ind2="0"><subfield code="a">Medien - Wissen - Bildung</subfield><subfield code="b">Explorationen visualisierter und kollaborativer Wissensräume</subfield><subfield code="c">Theo Hug; Ronald Maier (Hrsg.)</subfield></datafield><datafield tag="250" ind1=" " ind2=" "><subfield code="a">1. Aufl.</subfield></datafield><datafield tag="260" ind1="3" ind2=" "><subfield code="a">Innsbruck</subfield><subfield code="b">Innsbruck Univ. Press</subfield><subfield code="c">2010</subfield></datafield><datafield tag="300" ind1=" " ind2=" "><subfield code="a">229 Seiten</subfield><subfield code="b">Ill., graph. Darst.</subfield><subfield code="c">220 mm x 170 mm</subfield></datafield><datafield tag="490" ind1="0" ind2=" "><subfield code="a">Conference series</subfield></datafield><datafield tag="500" ind1=" " ind2=" "><subfield code="a">Konferenzschrift, 2009</subfield></datafield><datafield tag="500" ind1=" " ind2=" "><subfield code="a">Innsbruck</subfield></datafield><datafield tag="500" ind1=" " ind2=" "><subfield code="a">Beitr. teilw. dt., teilw. engl. - Literaturangaben</subfield></datafield><datafield tag="500" ind1=" " ind2=" "><subfield code="a">Beitr. teilw. dt., teilw. engl.</subfield></datafield><datafield tag="500" ind1=" " ind2=" "><subfield code="a">IMD-Felder maschinell generiert (GBV)</subfield></datafield><datafield tag="650" ind1=" " ind2="7"><subfield code="a">Bildungsforschung</subfield><subfield code="0">(DE-Frei129)00040118</subfield><subfield code="0">(DE-588)4122926-5</subfield><subfield code="2">gnd</subfield></datafield><datafield tag="650" ind1=" " ind2="7"><subfield code="a">Informelles Lernen</subfield><subfield code="0">(DE-Frei129)00067228</subfield><subfield code="0">(DE-588)4680202-2</subfield><subfield code="2">gnd</subfield></datafield><datafield tag="650" ind1=" " ind2="7"><subfield code="a">Wissensorganisation</subfield><subfield code="0">(DE-Frei129)00020531</subfield><subfield code="0">(DE-588)4205605-6</subfield><subfield code="2">gnd</subfield></datafield><datafield tag="650" ind1=" " ind2="7"><subfield code="a">Visuelle Medien</subfield><subfield code="0">(DE-Frei129)00070094</subfield><subfield code="0">(DE-588)4188423-1</subfield><subfield code="2">gnd</subfield></datafield><datafield tag="650" ind1=" " ind2="7"><subfield code="a">Medienpädagogik</subfield><subfield code="0">(DE-Frei129)00008121</subfield><subfield code="0">(DE-588)4074659-8</subfield><subfield code="2">gnd</subfield></datafield><datafield tag="689" ind1="0" ind2="0"><subfield code="0">(DE-588)4122926-5</subfield><subfield code="D">s</subfield><subfield code="a">Bildungsforschung </subfield></datafield><datafield tag="689" ind1="0" ind2="1"><subfield code="0">(DE-588)4680202-2</subfield><subfield code="D">s</subfield><subfield code="a">Informelles Lernen </subfield></datafield><datafield tag="689" ind1="0" ind2="2"><subfield code="0">(DE-588)4205605-6</subfield><subfield code="D">s</subfield><subfield code="a">Wissensorganisation </subfield></datafield><datafield tag="689" ind1="0" ind2="3"><subfield code="0">(DE-588)4188423-1</subfield><subfield code="D">s</subfield><subfield code="a">Visuelle Medien </subfield></datafield><datafield tag="689" ind1="0" ind2="4"><subfield code="0">(DE-588)4074659-8</subfield><subfield code="D">s</subfield><subfield code="a">Medienpädagogik</subfield><subfield code="5">DE-101</subfield></datafield><datafield tag="700" ind1="1" ind2=" "><subfield code="0">(DE-588)130425958</subfield><subfield code="0">(DE-Frei129)00085869</subfield><subfield code="a">Hug, Theo</subfield><subfield code="4">Hrsg.</subfield></datafield><datafield tag="700" ind1="1" ind2=" "><subfield code="0">(DE-588)11408517X</subfield><subfield code="0">(DE-Frei129)01345843</subfield><subfield code="a">Maier, Ronald</subfield><subfield code="4">Hrsg.</subfield></datafield><datafield tag="710" ind1="2" ind2=" "><subfield code="0">(DE-Frei129)00001157</subfield><subfield code="0">(DE-588)36165-3</subfield><subfield code="a">Universität Innsbruck</subfield><subfield code="4">oth</subfield></datafield><datafield tag="852" ind1=" " ind2=" "><subfield code="a">Frei129</subfield><subfield code="c">Paed M 600: 77</subfield></datafield><datafield tag="856" ind1="4" ind2=" "><subfield code="8">00</subfield><subfield code="u">http://bvbr.bib-bvb.de:8991/F?func=service&amp;doc_library=BVB01&amp;doc_number=020492957&amp;line_number=0001&amp;func_code=DB_RECORDS&amp;service_type=MEDIA</subfield><subfield code="y">Inhaltsverzeichnis</subfield></datafield><datafield tag="980" ind1="0" ind2=" "><subfield code="a">00226440</subfield><subfield code="9">(PHFR)</subfield><subfield code="b">EG-Anbau (32)</subfield><subfield code="c">Paed M 600: 77</subfield><subfield code="d">Standardleihe (01)</subfield><subfield code="e">Verfügbar (X)</subfield></datafield></record>