
<record><leader>05774nam a2200000uu 4500</leader><controlfield tag="001">03009843</controlfield><controlfield tag="003">DE-Frei129</controlfield><controlfield tag="005">20220811084024.0</controlfield><controlfield tag="007">tu</controlfield><controlfield tag="008">110719s2010    ||||||||||||||||||||ger||</controlfield><datafield tag="015" ind1=" " ind2=" "><subfield code="a">11,A22</subfield></datafield><datafield tag="016" ind1="7" ind2=" "><subfield code="a">1002631181</subfield><subfield code="2">DE-101</subfield></datafield><datafield tag="020" ind1=" " ind2=" "><subfield code="a">9783936901092</subfield><subfield code="9">978-3-936901-09-2</subfield><subfield code="c">kart. : EUR 24.00</subfield></datafield><datafield tag="024" ind1="3" ind2=" "><subfield code="a">9783936901092</subfield></datafield><datafield tag="035" ind1=" " ind2=" "><subfield code="a">(DE-576)1611634938</subfield></datafield><datafield tag="041" ind1=" " ind2=" "><subfield code="a">ger</subfield><subfield code="a">eng</subfield></datafield><datafield tag="044" ind1=" " ind2=" "><subfield code="c">XA-DE-NW</subfield></datafield><datafield tag="245" ind1="1" ind2="0"><subfield code="a">Identität</subfield><subfield code="b">Spurensuche</subfield><subfield code="c">Ulrike Kurth (Hrsg.)</subfield></datafield><datafield tag="246" ind1="1" ind2="1"><subfield code="a">Identity</subfield></datafield><datafield tag="260" ind1="3" ind2=" "><subfield code="a">Bielefeld</subfield><subfield code="b">Medien-Verl.</subfield><subfield code="c">2010</subfield></datafield><datafield tag="300" ind1=" " ind2=" "><subfield code="a">285  Seiten</subfield><subfield code="b">Ill.</subfield><subfield code="c">21 cm</subfield></datafield><datafield tag="490" ind1="1" ind2=" "><subfield code="a">Reihe Bildungsprojekt Europa </subfield><subfield code="v">9</subfield></datafield><datafield tag="500" ind1=" " ind2=" "><subfield code="a">Literaturangaben. - Beitr. teilw. dt., teilw. engl.</subfield></datafield><datafield tag="650" ind1=" " ind2="7"><subfield code="a">Persönlichkeitsformung</subfield><subfield code="0">(DE-Frei129)00064610</subfield><subfield code="0">(DE-588)4173864-0</subfield><subfield code="2">gnd</subfield></datafield><datafield tag="650" ind1=" " ind2="7"><subfield code="a">Kunst</subfield><subfield code="0">(DE-Frei129)00014040</subfield><subfield code="0">(DE-588)4114333-4</subfield><subfield code="2">gnd</subfield></datafield><datafield tag="650" ind1=" " ind2="7"><subfield code="a">Kultur</subfield><subfield code="0">(DE-Frei129)00126006</subfield><subfield code="0">(DE-588)4125698-0</subfield><subfield code="2">gnd</subfield></datafield><datafield tag="650" ind1=" " ind2="7"><subfield code="a">Schule</subfield><subfield code="0">(DE-Frei129)00003193</subfield><subfield code="0">(DE-588)4053474-1</subfield><subfield code="2">gnd</subfield></datafield><datafield tag="650" ind1=" " ind2="7"><subfield code="a">Lebenslanges Lernen</subfield><subfield code="0">(DE-Frei129)00048494</subfield><subfield code="0">(DE-588)4134373-6</subfield><subfield code="2">gnd</subfield></datafield><datafield tag="651" ind1=" " ind2="7"><subfield code="a">Europa</subfield><subfield code="0">(DE-Frei129)00007416</subfield><subfield code="0">(DE-588)4015701-5</subfield><subfield code="2">gnd</subfield></datafield><datafield tag="655" ind1=" " ind2="7"><subfield code="a">Aufsatzsammlung</subfield><subfield code="0">(DE-Frei129)00000042</subfield><subfield code="2">local</subfield></datafield><datafield tag="689" ind1="0" ind2="0"><subfield code="0">(DE-588)4015701-5</subfield><subfield code="D">g</subfield><subfield code="a">Europa </subfield></datafield><datafield tag="689" ind1="0" ind2="1"><subfield code="0">(DE-588)4173864-0</subfield><subfield code="D">s</subfield><subfield code="a">Persönlichkeitsformung </subfield></datafield><datafield tag="689" ind1="0" ind2="2"><subfield code="0">(DE-588)4114333-4</subfield><subfield code="D">s</subfield><subfield code="a">Kunst </subfield></datafield><datafield tag="689" ind1="0" ind2="3"><subfield code="0">(DE-588)4125698-0</subfield><subfield code="D">s</subfield><subfield code="a">Kultur </subfield></datafield><datafield tag="689" ind1="0" ind2="4"><subfield code="0">(DE-588)4053474-1</subfield><subfield code="D">s</subfield><subfield code="a">Schule </subfield></datafield><datafield tag="689" ind1="0" ind2="5"><subfield code="0">(DE-588)4134373-6</subfield><subfield code="D">s</subfield><subfield code="a">Lebenslanges Lernen </subfield></datafield><datafield tag="689" ind1="0" ind2="6"><subfield code="A">s</subfield><subfield code="a">Aufsatzsammlung</subfield><subfield code="5">DE-101</subfield></datafield><datafield tag="700" ind1="1" ind2=" "><subfield code="0">(DE-588)120598302</subfield><subfield code="0">(DE-Frei129)00117945</subfield><subfield code="a">Kurth, Ulrike</subfield><subfield code="4">oth</subfield></datafield><datafield tag="830" ind1=" " ind2="0"><subfield code="a">Reihe Bildungsprojekt Europa</subfield><subfield code="v">9</subfield><subfield code="w">(DE-Frei129)00230113</subfield><subfield code="9">19</subfield></datafield><datafield tag="852" ind1=" " ind2=" "><subfield code="a">Frei129</subfield><subfield code="c">Paed B 200: 35</subfield></datafield><datafield tag="856" ind1="4" ind2=" "><subfield code="8">00</subfield><subfield code="u">http://d-nb.info/1002631181/04</subfield><subfield code="y">Inhaltsverzeichnis</subfield></datafield><datafield tag="980" ind1="0" ind2=" "><subfield code="a">00225993</subfield><subfield code="9">(PHFR)</subfield><subfield code="b">EG-Anbau (32)</subfield><subfield code="c">Paed B 200: 35</subfield><subfield code="d">Standardleihe (01)</subfield><subfield code="e">Verfügbar (X)</subfield></datafield></record>