
<record><leader>08701nam a2200000uu 4500</leader><controlfield tag="001">03009810</controlfield><controlfield tag="003">DE-Frei129</controlfield><controlfield tag="005">20220811084024.0</controlfield><controlfield tag="007">tu</controlfield><controlfield tag="008">090915s2010    ||||||||||||||||||||eng||</controlfield><datafield tag="020" ind1=" " ind2=" "><subfield code="a">0415871662</subfield><subfield code="9">0415871662</subfield><subfield code="c">pbk : alk. paper</subfield></datafield><datafield tag="020" ind1=" " ind2=" "><subfield code="a">0415871654</subfield><subfield code="9">0415871654</subfield><subfield code="c">(hbk.) £95.00</subfield></datafield><datafield tag="020" ind1=" " ind2=" "><subfield code="a">9780415871662</subfield><subfield code="9">9780415871662</subfield><subfield code="c">: pbk : alk. paper</subfield></datafield><datafield tag="020" ind1=" " ind2=" "><subfield code="a">9780415871655</subfield><subfield code="9">9780415871655</subfield><subfield code="c">(hbk.) £95.00</subfield></datafield><datafield tag="020" ind1=" " ind2=" "><subfield code="a">9780203856987</subfield><subfield code="9">9780203856987</subfield><subfield code="c">(ebk.)</subfield></datafield><datafield tag="020" ind1=" " ind2=" "><subfield code="a">0203856988</subfield><subfield code="9">0203856988</subfield><subfield code="c">(ebk.)</subfield></datafield><datafield tag="035" ind1=" " ind2=" "><subfield code="a">(DE-576)608872091</subfield></datafield><datafield tag="041" ind1=" " ind2=" "><subfield code="a">eng</subfield></datafield><datafield tag="044" ind1=" " ind2=" "><subfield code="c">XD-US</subfield><subfield code="c">XA-GB</subfield></datafield><datafield tag="245" ind1="1" ind2="0"><subfield code="a">Language and culture</subfield><subfield code="b">reflective narratives and the emergence of identity</subfield><subfield code="c">ed. by David Nunan; Julie Choi</subfield></datafield><datafield tag="260" ind1="3" ind2=" "><subfield code="a">New York ; London</subfield><subfield code="b">Taylor &amp; Francis Ltd</subfield><subfield code="c">2010</subfield></datafield><datafield tag="300" ind1=" " ind2=" "><subfield code="a">XIII, 230 Seiten</subfield><subfield code="b">Ill.</subfield><subfield code="c">24 cm</subfield></datafield><datafield tag="490" ind1="0" ind2=" "><subfield code="a">ESL &amp; applied linguistics professional series</subfield></datafield><datafield tag="500" ind1=" " ind2=" "><subfield code="a">Formerly CIP Uk. - Includes bibliographical references and index</subfield></datafield><datafield tag="500" ind1=" " ind2=" "><subfield code="a">IMD-Felder maschinell generiert (GBV)</subfield></datafield><datafield tag="501" ind1=" " ind2=" "><subfield code="a">Enthält:; Language, culture and identity: framing the issues / David Nunan &amp; Julie Choi;; Coat hangers, cowboys, and communication strategies: seeking an identity as a proficient foreign language learner Kathleen Bailey ; Speaking Roman-esque / David Block;; Zzy͏̈collaborating on community, sharing experience, troubling the symbolic / Michael Brennan;; Achieving community / Suresh Canagarajah;; Socio-pragmatics and cross-cultural encounters: what you need to know before you say &apos;hello&apos; / Mark Cherry;; Nonghao, I am a Shanhai Noenoe: how do I claim my Shanghaineseness? / Alice Chik;; Living on the hyphen / Julie Choi;; Negotiating multiple language identities / Mary Ann Christison;; Minna no Nihongo? nai! / Martha Clark Cummings;; Elaborating the monolingual deficit / Julian Edge;; The foreign-ness of native speaking teachers of colour / Javier Eljee;; Otra estacion, a first Spanish lesson / Rod Ellis;; Bewitched: a microethnography of the culture of magick in Old Salem / Bud Goodall;; Am I that name? / Stacy Holman-Jones;; English and me: my language learning journey / Angel Lin;; Adaptive cultural transformation: quest for dual social identities / Jun Liu;; On this writing: an autotheoretic account / Allen Luke;; Changing cultures and identities in bicultural names: from parents to children / Steve Marshall and Tim Mossman;; First of all, let me tell you a story / Michael McCarthy;; Berlin Babylon / Stephen Muecke;; Changing stripes¿chameleon or tiger?/ Denise Murray ; vanishing acts / Cynthia D. Nelson;; Dog rice and cultural dissonance / David Nunan;; Where am I from?: performative and metro perspectives of origin / Emi Otsuji;; Sweating cheese and thinking otherwise / Alastair Pennycook;; Multilingual couple talk / Kimie Takahashi;; Transforming identities in and through narrative / Sumiko Taniguchi.</subfield></datafield><datafield tag="650" ind1=" " ind2="7"><subfield code="a">Language and languages</subfield><subfield code="0">(DE-Frei129)00243118</subfield><subfield code="2">local</subfield></datafield><datafield tag="650" ind1=" " ind2="7"><subfield code="a">Language and culture</subfield><subfield code="0">(DE-Frei129)14259097</subfield><subfield code="2">local</subfield></datafield><datafield tag="650" ind1=" " ind2="7"><subfield code="a">Multiculturalism</subfield><subfield code="0">(DE-Frei129)00228105</subfield><subfield code="2">local</subfield></datafield><datafield tag="650" ind1=" " ind2="7"><subfield code="a">Soziolinguistik</subfield><subfield code="0">(DE-Frei129)00032360</subfield><subfield code="0">(DE-588)4077623-2</subfield><subfield code="2">gnd</subfield></datafield><datafield tag="650" ind1=" " ind2="7"><subfield code="a">Multikulturelle Gesellschaft</subfield><subfield code="0">(DE-Frei129)00076314</subfield><subfield code="0">(DE-588)4214151-5</subfield><subfield code="2">gnd</subfield></datafield><datafield tag="650" ind1=" " ind2="7"><subfield code="a">Aufsatzsammlung</subfield><subfield code="0">(DE-Frei129)00245365</subfield><subfield code="2">local</subfield></datafield><datafield tag="689" ind1="0" ind2="0"><subfield code="A">s</subfield><subfield code="a">Language and languages</subfield><subfield code="5">DE-101</subfield></datafield><datafield tag="689" ind1="1" ind2="0"><subfield code="A">s</subfield><subfield code="a">Language and culture</subfield><subfield code="5">DE-101</subfield></datafield><datafield tag="689" ind1="2" ind2="0"><subfield code="A">s</subfield><subfield code="a">Multiculturalism</subfield><subfield code="5">DE-101</subfield></datafield><datafield tag="689" ind1="3" ind2="0"><subfield code="0">(DE-588)4077623-2</subfield><subfield code="D">s</subfield><subfield code="a">Soziolinguistik </subfield></datafield><datafield tag="689" ind1="3" ind2="1"><subfield code="0">(DE-588)4214151-5</subfield><subfield code="D">s</subfield><subfield code="a">Multikulturelle Gesellschaft</subfield><subfield code="5">DE-101</subfield></datafield><datafield tag="689" ind1="4" ind2="0"><subfield code="0">(DE-588)4077623-2</subfield><subfield code="D">s</subfield><subfield code="a">Soziolinguistik</subfield><subfield code="5">DE-101</subfield></datafield><datafield tag="689" ind1="5" ind2="0"><subfield code="0">(DE-588)4214151-5</subfield><subfield code="D">s</subfield><subfield code="a">Multikulturelle Gesellschaft</subfield><subfield code="5">DE-101</subfield></datafield><datafield tag="689" ind1="6" ind2="0"><subfield code="A">s</subfield><subfield code="a">Aufsatzsammlung</subfield><subfield code="5">DE-101</subfield></datafield><datafield tag="700" ind1="1" ind2=" "><subfield code="0">(DE-588)141554797</subfield><subfield code="0">(DE-Frei129)00990648</subfield><subfield code="a">Nunan, David</subfield><subfield code="4">Hrsg.</subfield></datafield><datafield tag="700" ind1="1" ind2=" "><subfield code="0">(DE-Frei129)58044398</subfield><subfield code="a">Choi, Julie</subfield><subfield code="4">oth</subfield></datafield><datafield tag="852" ind1=" " ind2=" "><subfield code="a">Frei 129</subfield><subfield code="b">PHFR</subfield><subfield code="c">ES 110 N972</subfield></datafield><datafield tag="856" ind1="4" ind2=" "><subfield code="8">00</subfield><subfield code="u">http://external.dandelon.com/download/attachments/dandelon/ids/DE006C6B5CD48369568AEC1257776004C3520.pdf</subfield><subfield code="y">Inhaltsverzeichnis</subfield></datafield><datafield tag="856" ind1="4" ind2=" "><subfield code="8">01</subfield><subfield code="u">https://external.dandelon.com/download/attachments/dandelon/ids/DE006C6B5CD48369568AEC1257776004C3520.pdf</subfield><subfield code="y">Verlagsinformation</subfield></datafield><datafield tag="980" ind1="0" ind2=" "><subfield code="a">00219894</subfield><subfield code="9">(PHFR)</subfield><subfield code="b">2.OG (35)</subfield><subfield code="c">ES 110 N972</subfield><subfield code="d">Standardleihe (01)</subfield><subfield code="e">Verfügbar (X)</subfield></datafield></record>