
<record><leader>05038nam a2200000uu 4500</leader><controlfield tag="001">03009598</controlfield><controlfield tag="003">DE-Frei129</controlfield><controlfield tag="005">20220811084024.0</controlfield><controlfield tag="007">tu</controlfield><controlfield tag="008">100512s2010    ||||||||||||||||||||ger||</controlfield><datafield tag="015" ind1=" " ind2=" "><subfield code="a">10,N19</subfield></datafield><datafield tag="016" ind1="7" ind2=" "><subfield code="a">1002243246</subfield><subfield code="2">DE-101</subfield></datafield><datafield tag="020" ind1=" " ind2=" "><subfield code="a">9783868732603</subfield><subfield code="9">9783868732603</subfield><subfield code="c">hbk., bound : EUR 14.95</subfield></datafield><datafield tag="024" ind1="3" ind2=" "><subfield code="a">9783868732603</subfield></datafield><datafield tag="035" ind1=" " ind2=" "><subfield code="a">(DE-576)626081939</subfield></datafield><datafield tag="041" ind1=" " ind2=" "><subfield code="a">ger</subfield><subfield code="h">eng</subfield></datafield><datafield tag="044" ind1=" " ind2=" "><subfield code="c">XA-DE-BY</subfield></datafield><datafield tag="100" ind1="1" ind2=" "><subfield code="a">Penrose, Antony</subfield><subfield code="0">(DE-Frei129)00603176</subfield><subfield code="0">(DE-588)174256353</subfield></datafield><datafield tag="245" ind1="1" ind2="4"><subfield code="a">Der Junge, der Picasso biss</subfield><subfield code="c">Antony Penrose. Aus dem Engl. von Egbert Baqué</subfield></datafield><datafield tag="246" ind1="1" ind2="3"><subfield code="a">The boy who bit Picasso</subfield></datafield><datafield tag="246" ind1="1" ind2="3"><subfield code="a">The boy who bit Picasso</subfield></datafield><datafield tag="250" ind1=" " ind2=" "><subfield code="a">Dt. Erstausg.</subfield></datafield><datafield tag="260" ind1="3" ind2=" "><subfield code="a">München</subfield><subfield code="b">Knesebeck</subfield><subfield code="c">2010</subfield></datafield><datafield tag="300" ind1=" " ind2=" "><subfield code="a">47 Seiten</subfield><subfield code="b">zahlr. Ill.</subfield><subfield code="c">24 cm</subfield></datafield><datafield tag="500" ind1=" " ind2=" "><subfield code="a">IMD-Felder maschinell generiert (GBV)</subfield></datafield><datafield tag="520" ind1=" " ind2=" "><subfield code="a">Eine nette Episode: Ein kleiner Junge, aufgedreht vom gemeinsamen Spiel, beisst Picasso - und der beisst umgehend zurück. Der Junge ist Tony (Antony) Penrose, heute über 60 Jahre alt, dessen Eltern mit dem berühmten Künstler befreundet waren. Antonys Vater ist der Schriftsteller und Kunsthistoriker Roland Penrose (nicht Robert, wie auf dem Einbanddeckel zu lesen), seine Mutter die seinerzeit sehr bekannte Fotografin Lee Miller. 25 Fotos von ihr sind hier erstmals veröffentlicht; sie dokumentieren, wovon der Autor erzählt: einem Besuch Picassos auf der elterlichen Farm im südenglischen Sussex und Besuchen der Penroses bei Picasso in Südfrankreich. Er tut dies aus der Perspektive des Kindes, herzerfrischend, offen für alles, was er da sieht: z.B. Skulpturen, die unter Verwendung von Alltagsgegenständen und altem Krempel entstanden (und von denen einige hier vorgestellt werden). So gibt der reich mit Abbildungen von Kunstwerken und persönlichen Fotos ausgestattete Band auch Einblick in Picassos Arbeit. Ein Anhang mit ein paar biografischen Daten hätte das Ganze prima ergänzen können. - Gern empfohlen. Ab 8</subfield></datafield><datafield tag="600" ind1="1" ind2="7"><subfield code="0">(DE-Frei129)00149314</subfield><subfield code="0">(DE-588)118594206</subfield><subfield code="a">Picasso, Pablo</subfield><subfield code="2">gnd</subfield></datafield><datafield tag="655" ind1=" " ind2="7"><subfield code="a">Kindersachbuch</subfield><subfield code="0">(DE-Frei129)00000470</subfield><subfield code="2">local</subfield></datafield><datafield tag="689" ind1="0" ind2="0"><subfield code="0">(DE-588)118594206</subfield><subfield code="D">p</subfield><subfield code="a">Picasso, Pablo</subfield><subfield code="5">DE-101</subfield></datafield><datafield tag="700" ind1="1" ind2=" "><subfield code="0">(DE-588)109121325</subfield><subfield code="0">(DE-Frei129)01206266</subfield><subfield code="a">Baqué, Egbert</subfield><subfield code="4">oth</subfield></datafield><datafield tag="700" ind1="1" ind2=" "><subfield code="0">(DE-588)118594206</subfield><subfield code="0">(DE-Frei129)00149314</subfield><subfield code="a">Picasso, Pablo</subfield><subfield code="4">oth</subfield></datafield><datafield tag="852" ind1=" " ind2=" "><subfield code="a">Frei 129</subfield><subfield code="b">PHFR</subfield><subfield code="c">ED 5430 P417 J9</subfield></datafield><datafield tag="980" ind1="0" ind2=" "><subfield code="a">00220792</subfield><subfield code="9">(PHFR)</subfield><subfield code="b">2.OG (35)</subfield><subfield code="c">ED 5430 P417 J9</subfield><subfield code="d">Standardleihe (01)</subfield><subfield code="e">ausgeliehen (A) - Fälligkeitsdatum: 04.07.2022</subfield></datafield></record>