
<record><leader>05092nam a2200000uu 4500</leader><controlfield tag="001">03009596</controlfield><controlfield tag="003">DE-Frei129</controlfield><controlfield tag="005">20220811084024.0</controlfield><controlfield tag="007">tu</controlfield><controlfield tag="008">091202s2010    ||||||||||||||||||||ger||</controlfield><datafield tag="015" ind1=" " ind2=" "><subfield code="a">09,N50,4199</subfield></datafield><datafield tag="016" ind1="7" ind2=" "><subfield code="a">998065196</subfield><subfield code="2">DE-101</subfield></datafield><datafield tag="020" ind1=" " ind2=" "><subfield code="a">9783941411258</subfield><subfield code="9">9783941411258</subfield><subfield code="c">GB. : EUR 12.90, EUR 13.30 (AT), sfr 21.90 (freier Pr.)</subfield></datafield><datafield tag="020" ind1=" " ind2=" "><subfield code="a">394141125X</subfield><subfield code="9">394141125X</subfield><subfield code="c">GB. : EUR 12.90</subfield></datafield><datafield tag="024" ind1="3" ind2=" "><subfield code="a">9783941411258</subfield></datafield><datafield tag="035" ind1=" " ind2=" "><subfield code="a">(DE-576)614108993</subfield></datafield><datafield tag="041" ind1=" " ind2=" "><subfield code="a">ger</subfield></datafield><datafield tag="044" ind1=" " ind2=" "><subfield code="c">XA-DE-SN</subfield></datafield><datafield tag="100" ind1="1" ind2=" "><subfield code="a">Eichler, Christian</subfield><subfield code="0">(DE-Frei129)01026735</subfield><subfield code="0">(DE-588)121957454</subfield></datafield><datafield tag="245" ind1="1" ind2="0"><subfield code="a">Zuckerpass und Blutgrätsche</subfield><subfield code="b">wahre Geschichten rund um den Fußball</subfield><subfield code="c">Christian Eichler. Bilder von Jürgen Rieckhoff</subfield></datafield><datafield tag="250" ind1=" " ind2=" "><subfield code="a">1. Aufl.</subfield></datafield><datafield tag="260" ind1="3" ind2=" "><subfield code="a">Leipzig</subfield><subfield code="b">Klett-Kinderbuch</subfield><subfield code="c">2010</subfield></datafield><datafield tag="300" ind1=" " ind2=" "><subfield code="a">93 Seiten</subfield><subfield code="b">Ill.</subfield><subfield code="c">26 cm</subfield></datafield><datafield tag="490" ind1="0" ind2=" "><subfield code="a">Auf den Schultern von Riesen</subfield></datafield><datafield tag="500" ind1=" " ind2=" "><subfield code="a">IMD-Felder maschinell generiert (GBV)</subfield></datafield><datafield tag="520" ind1=" " ind2=" "><subfield code="a">Der Fußballsport steckt voller Geschichten, die weit über den Stadionrand hinausgehen - lustige und traurige, beglückende, absurde und immer dramatische Geschichten. Denn was auf dem Platz passiert, kennt man anderer Form auch aus unserem Alltag. Und das Beste daran: Diese Geschichten sind wahr. Der Sportreporter Christian Eichler erzählt die erregendsten Momente der Fußballgeschichte für Kinder und ihre Erwachsenen nach. So erfahrt man, wie der kleine Lionel Messi dank der berechnend hoffnungsvollen Fürsorge des FC Barcelona endlich wachsen konnte - und was das für seine Familie bedeutete. Verfolgt wird nicht nur das berühmte Wembley-Tor, sondern auch der Weg, den der Ball anschließend nahm. Man lernt die verrücktesten Torhüter kennen, und ein &quot;böses&quot; Kapitel führt schließlich an die menschlichen Abgründe des Spielfelds.</subfield></datafield><datafield tag="520" ind1=" " ind2=" "><subfield code="a">Nominiert für den Deutschen Jugendliteraturpreis 2011 - Kategorie Sachbuch</subfield></datafield><datafield tag="650" ind1=" " ind2="7"><subfield code="a">Fußball</subfield><subfield code="0">(DE-Frei129)00008856</subfield><subfield code="0">(DE-588)4018968-5</subfield><subfield code="2">gnd</subfield></datafield><datafield tag="689" ind1="0" ind2="0"><subfield code="0">(DE-588)4018968-5</subfield><subfield code="D">s</subfield><subfield code="a">Fußball</subfield><subfield code="5">DE-101</subfield></datafield><datafield tag="700" ind1="1" ind2=" "><subfield code="0">(DE-588)121668185</subfield><subfield code="0">(DE-Frei129)00416980</subfield><subfield code="a">Rieckhoff, Jürgen</subfield><subfield code="4">oth</subfield></datafield><datafield tag="852" ind1=" " ind2=" "><subfield code="a">Frei 129</subfield><subfield code="b">PHFR</subfield><subfield code="c">GE 6919 E34</subfield></datafield><datafield tag="856" ind1="4" ind2=" "><subfield code="8">00</subfield><subfield code="u">http://ecx.images-amazon.com/images/I/51Ddxe4MsZL._SL500_AA300_.jpg</subfield><subfield code="y">Cover</subfield></datafield><datafield tag="856" ind1="4" ind2=" "><subfield code="8">01</subfield><subfield code="u">https://external.dandelon.com/download/attachments/dandelon/ids/CH0027B9C21852076063BC12581710032DEC1.pdf</subfield><subfield code="y">Verlagsinformation</subfield></datafield><datafield tag="980" ind1="0" ind2=" "><subfield code="a">00220679</subfield><subfield code="9">(PHFR)</subfield><subfield code="b">2.OG (35)</subfield><subfield code="c">GE 6919 E34</subfield><subfield code="d">Standardleihe (01)</subfield><subfield code="e">Verfügbar (X)</subfield></datafield></record>