
<record><leader>04401nam a2200000uu 4500</leader><controlfield tag="001">03009132</controlfield><controlfield tag="003">DE-Frei129</controlfield><controlfield tag="005">20220811084024.0</controlfield><controlfield tag="007">tu</controlfield><controlfield tag="008">110321s2010    ||||||||||||||||||||ger||</controlfield><datafield tag="015" ind1=" " ind2=" "><subfield code="a">11,A09</subfield></datafield><datafield tag="016" ind1="7" ind2=" "><subfield code="a">100862215X</subfield><subfield code="2">DE-101</subfield></datafield><datafield tag="020" ind1=" " ind2=" "><subfield code="a">9783830923510</subfield><subfield code="9">978-3-8309-2351-0</subfield><subfield code="c">kart. : EUR 19.90 (DE)</subfield></datafield><datafield tag="024" ind1="3" ind2=" "><subfield code="a">9783830923510</subfield></datafield><datafield tag="035" ind1=" " ind2=" "><subfield code="a">(DE-576)1608783081</subfield></datafield><datafield tag="041" ind1=" " ind2=" "><subfield code="a">ger</subfield><subfield code="a">eng</subfield></datafield><datafield tag="044" ind1=" " ind2=" "><subfield code="c">XA-DE-NW</subfield></datafield><datafield tag="245" ind1="1" ind2="0"><subfield code="a">Europäisches Kolloquium Produktionsschule</subfield><subfield code="b">Tagungsband der Veranstaltung im Bundesministerium für Verkehr, Bau und Stadtentwicklung am 24. Juni 2009 in Berlin</subfield><subfield code="c">hrsg. von Arnulf Bojanowski ...</subfield></datafield><datafield tag="246" ind1="1" ind2="1"><subfield code="a">European Colloquium on Production Schools</subfield></datafield><datafield tag="260" ind1="3" ind2=" "><subfield code="a">Münster ; New York, NY ; München ; Berlin</subfield><subfield code="b">Waxmann</subfield><subfield code="c">2010</subfield></datafield><datafield tag="300" ind1=" " ind2=" "><subfield code="a">88  Seiten</subfield><subfield code="b">Ill., graph. Darst.</subfield><subfield code="c">27 cm</subfield></datafield><datafield tag="500" ind1=" " ind2=" "><subfield code="a">Text dt. und engl.</subfield></datafield><datafield tag="700" ind1="1" ind2=" "><subfield code="0">(DE-588)109532716</subfield><subfield code="0">(DE-Frei129)00006243</subfield><subfield code="a">Bojanowski, Arnulf</subfield><subfield code="4">Hrsg.</subfield></datafield><datafield tag="700" ind1="1" ind2=" "><subfield code="0">(DE-Frei129)00146489</subfield><subfield code="a">Gentner, Cortina</subfield><subfield code="4">Hrsg.</subfield></datafield><datafield tag="700" ind1="1" ind2=" "><subfield code="0">(DE-588)1028133367</subfield><subfield code="0">(DE-Frei129)01550402</subfield><subfield code="a">Meier, Jörg</subfield><subfield code="4">Hrsg.</subfield></datafield><datafield tag="700" ind1="1" ind2=" "><subfield code="0">(DE-Frei129)01201392</subfield><subfield code="a">Mutschall, Maren</subfield><subfield code="4">Hrsg.</subfield></datafield><datafield tag="711" ind1="2" ind2=" "><subfield code="0">(DE-Frei129)03000960</subfield><subfield code="0">(DE-588)16101371-5</subfield><subfield code="a">Europäisches Kolloquium Produktionsschule (2009 : Berlin)</subfield><subfield code="c">Berlin</subfield><subfield code="4">cre</subfield></datafield><datafield tag="776" ind1="0" ind2="8"><subfield code="a">hrsg. von Arnulf Bojanowski ...</subfield><subfield code="i">Erscheint auch als Online-Ausgabe</subfield><subfield code="t">Europäisches Kolloquium Produktionsschule</subfield><subfield code="w">(DE-Frei129)02529822</subfield><subfield code="w">(DE-576)165316834X</subfield></datafield><datafield tag="852" ind1=" " ind2=" "><subfield code="a">Frei129</subfield><subfield code="c">Paed O 320: 143</subfield></datafield><datafield tag="856" ind1="4" ind2=" "><subfield code="8">00</subfield><subfield code="u">http://d-nb.info/100862215X/04</subfield><subfield code="y">Inhaltsverzeichnis</subfield></datafield><datafield tag="856" ind1="4" ind2=" "><subfield code="8">01</subfield><subfield code="u">http://deposit.d-nb.de/cgi-bin/dokserv?id=3619133&amp;prov=M&amp;dok_var=1&amp;dok_ext=htm</subfield><subfield code="y">Inhaltstext</subfield></datafield><datafield tag="980" ind1="0" ind2=" "><subfield code="a">00218787</subfield><subfield code="9">(PHFR)</subfield><subfield code="b">EG-Anbau (32)</subfield><subfield code="c">Paed O 320: 143</subfield><subfield code="d">Standardleihe (01)</subfield><subfield code="e">Verfügbar (X)</subfield></datafield></record>