
<record><leader>05741nam a2200000uu 4500</leader><controlfield tag="001">03009105</controlfield><controlfield tag="003">DE-Frei129</controlfield><controlfield tag="005">20220811084024.0</controlfield><controlfield tag="007">tu</controlfield><controlfield tag="008">100113s2010    ||||||||||||||||||||ger||</controlfield><datafield tag="015" ind1=" " ind2=" "><subfield code="a">10,N02</subfield></datafield><datafield tag="016" ind1="7" ind2=" "><subfield code="a">99901580X</subfield><subfield code="2">DE-101</subfield></datafield><datafield tag="020" ind1=" " ind2=" "><subfield code="a">9783403065524</subfield><subfield code="9">9783403065524</subfield><subfield code="c">kart. : EUR 23.90 (DE), EUR 23.90 (AT), sfr 41.50 (freier Pr.)</subfield></datafield><datafield tag="024" ind1="3" ind2=" "><subfield code="a">9783403065524</subfield></datafield><datafield tag="035" ind1=" " ind2=" "><subfield code="a">(DE-576)616403178</subfield></datafield><datafield tag="041" ind1=" " ind2=" "><subfield code="a">ger</subfield></datafield><datafield tag="044" ind1=" " ind2=" "><subfield code="c">XA-DE-BY</subfield></datafield><datafield tag="100" ind1="1" ind2=" "><subfield code="a">Kobl, Karin</subfield><subfield code="0">(DE-Frei129)00722428</subfield><subfield code="0">(DE-588)139675817</subfield></datafield><datafield tag="245" ind1="1" ind2="0"><subfield code="a">Kindergarten &amp; Schule: miteinander und voneinander lernen</subfield><subfield code="b">14 erprobte Kooperationsstunden mit allen Materialien ; [mit Tipps für die erfolgreiche Vorbereitung ; Kindergarten, Vorschule ; gezielt auf die Schule vorbereiten]</subfield><subfield code="c">Karin Kobl; Brigitte Beckmann</subfield></datafield><datafield tag="246" ind1="1" ind2="0"><subfield code="a">Kindergarten und Schule: miteinander und voneinander lernen</subfield></datafield><datafield tag="246" ind1="1" ind2="0"><subfield code="a">Kindergarten und Schule</subfield></datafield><datafield tag="250" ind1=" " ind2=" "><subfield code="a">1. Aufl.</subfield></datafield><datafield tag="260" ind1="3" ind2=" "><subfield code="a">Donauwörth</subfield><subfield code="b">Auer</subfield><subfield code="c">2010</subfield></datafield><datafield tag="300" ind1=" " ind2=" "><subfield code="a">72 Seiten</subfield><subfield code="b">Ill., graph. Darst., Notenbeisp.</subfield><subfield code="c">30 cm</subfield></datafield><datafield tag="500" ind1=" " ind2=" "><subfield code="a">IMD-Felder maschinell generiert (GBV)</subfield></datafield><datafield tag="520" ind1=" " ind2=" "><subfield code="a">Gemeinsam stark: Den Übergang in die Schule optimal gestalten</subfield></datafield><datafield tag="650" ind1=" " ind2="7"><subfield code="a">Kindertagesstätte</subfield><subfield code="0">(DE-Frei129)00011424</subfield><subfield code="0">(DE-588)4030638-0</subfield><subfield code="2">gnd</subfield></datafield><datafield tag="650" ind1=" " ind2="7"><subfield code="a">Einschulung</subfield><subfield code="0">(DE-Frei129)00021664</subfield><subfield code="0">(DE-588)4070704-0</subfield><subfield code="2">gnd</subfield></datafield><datafield tag="650" ind1=" " ind2="7"><subfield code="a">Vorbereitung</subfield><subfield code="0">(DE-Frei129)00037128</subfield><subfield code="0">(DE-588)4188638-0</subfield><subfield code="2">gnd</subfield></datafield><datafield tag="650" ind1=" " ind2="7"><subfield code="a">Wissenserwerb</subfield><subfield code="0">(DE-Frei129)00079452</subfield><subfield code="0">(DE-588)4241169-5</subfield><subfield code="2">gnd</subfield></datafield><datafield tag="650" ind1=" " ind2="7"><subfield code="a">Spracherwerb</subfield><subfield code="0">(DE-Frei129)00013303</subfield><subfield code="0">(DE-588)4056458-7</subfield><subfield code="2">gnd</subfield></datafield><datafield tag="689" ind1="0" ind2="0"><subfield code="0">(DE-588)4030638-0</subfield><subfield code="D">s</subfield><subfield code="a">Kindertagesstätte </subfield></datafield><datafield tag="689" ind1="0" ind2="1"><subfield code="0">(DE-588)4070704-0</subfield><subfield code="D">s</subfield><subfield code="a">Einschulung </subfield></datafield><datafield tag="689" ind1="0" ind2="2"><subfield code="0">(DE-588)4188638-0</subfield><subfield code="D">s</subfield><subfield code="a">Vorbereitung </subfield></datafield><datafield tag="689" ind1="0" ind2="3"><subfield code="0">(DE-588)4241169-5</subfield><subfield code="D">s</subfield><subfield code="a">Wissenserwerb </subfield></datafield><datafield tag="689" ind1="0" ind2="4"><subfield code="0">(DE-588)4056458-7</subfield><subfield code="D">s</subfield><subfield code="a">Spracherwerb</subfield><subfield code="5">DE-101</subfield></datafield><datafield tag="700" ind1="1" ind2=" "><subfield code="0">(DE-588)143580795</subfield><subfield code="0">(DE-Frei129)58093189</subfield><subfield code="a">Beckmann, Brigitte</subfield><subfield code="4">aut</subfield></datafield><datafield tag="852" ind1=" " ind2=" "><subfield code="a">Frei129</subfield><subfield code="c">Paed K 730: 128</subfield></datafield><datafield tag="856" ind1="4" ind2=" "><subfield code="8">00</subfield><subfield code="u">http://d-nb.info/99901580X/04</subfield><subfield code="y">Kurzbeschreibung des Verlags</subfield></datafield><datafield tag="856" ind1="4" ind2=" "><subfield code="8">01</subfield><subfield code="u">http://d-nb.info/99901580X/04</subfield><subfield code="y">Verlagsinformation</subfield></datafield><datafield tag="980" ind1="0" ind2=" "><subfield code="a">00211550</subfield><subfield code="9">(PHFR)</subfield><subfield code="b">EG-Anbau (32)</subfield><subfield code="c">Paed K 730: 128</subfield><subfield code="d">Standardleihe (01)</subfield><subfield code="e">Verfügbar (X)</subfield></datafield></record>