
<record><leader>06686nam a2200000uu 4500</leader><controlfield tag="001">03008952</controlfield><controlfield tag="003">DE-Frei129</controlfield><controlfield tag="005">20220811084024.0</controlfield><controlfield tag="007">tu</controlfield><controlfield tag="008">101206s2010    ||||||||||||||||||||ger||</controlfield><datafield tag="015" ind1=" " ind2=" "><subfield code="a">10,N45</subfield></datafield><datafield tag="016" ind1="7" ind2=" "><subfield code="a">1008010324</subfield><subfield code="2">DE-101</subfield></datafield><datafield tag="020" ind1=" " ind2=" "><subfield code="a">9783941298934</subfield><subfield code="9">978-3-941298-93-4</subfield><subfield code="c">Kart. : EUR 12.95 (DE)</subfield></datafield><datafield tag="024" ind1="3" ind2=" "><subfield code="a">9783941298934</subfield></datafield><datafield tag="035" ind1=" " ind2=" "><subfield code="a">(DE-576)638887798</subfield></datafield><datafield tag="041" ind1=" " ind2=" "><subfield code="a">ger</subfield></datafield><datafield tag="044" ind1=" " ind2=" "><subfield code="c">XA-DE-SN</subfield></datafield><datafield tag="100" ind1="1" ind2=" "><subfield code="a">Schaarschmidt, Nadine</subfield><subfield code="0">(DE-Frei129)03001138</subfield></datafield><datafield tag="245" ind1="1" ind2="0"><subfield code="a">Mediengestützte Berufsorientierung für Jugendliche mit Migrationshintergrund</subfield><subfield code="b">Projekte und Angebote</subfield><subfield code="c">Nadine Schaarschmidt; Nina Kahnwald; Thomas Köhler</subfield></datafield><datafield tag="250" ind1=" " ind2=" "><subfield code="a">1. Aufl.</subfield></datafield><datafield tag="260" ind1="3" ind2=" "><subfield code="a">Dresden</subfield><subfield code="b">TUDpress Verlag der Wissenschaften Dresden</subfield><subfield code="c">2010</subfield></datafield><datafield tag="300" ind1=" " ind2=" "><subfield code="a">63  Seiten</subfield><subfield code="c">210 mm x 275 mm</subfield></datafield><datafield tag="500" ind1=" " ind2=" "><subfield code="a">5090, 5550 ddsu,sred</subfield></datafield><datafield tag="650" ind1=" " ind2="7"><subfield code="a">Jugend</subfield><subfield code="0">(DE-Frei129)00001631</subfield><subfield code="0">(DE-588)4028859-6</subfield><subfield code="2">gnd</subfield></datafield><datafield tag="650" ind1=" " ind2="7"><subfield code="a">Migrationshintergrund</subfield><subfield code="0">(DE-Frei129)00002278</subfield><subfield code="0">(DE-588)7544915-8</subfield><subfield code="2">gnd</subfield></datafield><datafield tag="650" ind1=" " ind2="7"><subfield code="a">Berufsorientierung</subfield><subfield code="0">(DE-Frei129)00052114</subfield><subfield code="0">(DE-588)4140124-4</subfield><subfield code="2">gnd</subfield></datafield><datafield tag="650" ind1=" " ind2="7"><subfield code="a">Informelles Lernen</subfield><subfield code="0">(DE-Frei129)00067228</subfield><subfield code="0">(DE-588)4680202-2</subfield><subfield code="2">gnd</subfield></datafield><datafield tag="650" ind1=" " ind2="7"><subfield code="a">Informationskompetenz</subfield><subfield code="0">(DE-Frei129)00106475</subfield><subfield code="0">(DE-588)4614795-0</subfield><subfield code="2">gnd</subfield></datafield><datafield tag="650" ind1=" " ind2="7"><subfield code="a">Medienpädagogik</subfield><subfield code="0">(DE-Frei129)00008121</subfield><subfield code="0">(DE-588)4074659-8</subfield><subfield code="2">gnd</subfield></datafield><datafield tag="651" ind1=" " ind2="7"><subfield code="a">Deutschland</subfield><subfield code="0">(DE-Frei129)00005806</subfield><subfield code="0">(DE-588)4011882-4</subfield><subfield code="2">gnd</subfield></datafield><datafield tag="689" ind1="0" ind2="0"><subfield code="0">(DE-588)4011882-4</subfield><subfield code="D">g</subfield><subfield code="a">Deutschland </subfield></datafield><datafield tag="689" ind1="0" ind2="1"><subfield code="0">(DE-588)4028859-6</subfield><subfield code="D">s</subfield><subfield code="a">Jugend </subfield></datafield><datafield tag="689" ind1="0" ind2="2"><subfield code="0">(DE-588)7544915-8</subfield><subfield code="D">s</subfield><subfield code="a">Migrationshintergrund </subfield></datafield><datafield tag="689" ind1="0" ind2="3"><subfield code="0">(DE-588)4140124-4</subfield><subfield code="D">s</subfield><subfield code="a">Berufsorientierung </subfield></datafield><datafield tag="689" ind1="0" ind2="4"><subfield code="0">(DE-588)4680202-2</subfield><subfield code="D">s</subfield><subfield code="a">Informelles Lernen </subfield></datafield><datafield tag="689" ind1="0" ind2="5"><subfield code="0">(DE-588)4614795-0</subfield><subfield code="D">s</subfield><subfield code="a">Informationskompetenz </subfield></datafield><datafield tag="689" ind1="0" ind2="6"><subfield code="0">(DE-588)4074659-8</subfield><subfield code="D">s</subfield><subfield code="a">Medienpädagogik</subfield><subfield code="5">DE-101</subfield></datafield><datafield tag="689" ind1="1" ind2="0"><subfield code="0">(DE-588)4028859-6</subfield><subfield code="D">s</subfield><subfield code="a">Jugend </subfield></datafield><datafield tag="689" ind1="1" ind2="1"><subfield code="0">(DE-588)7544915-8</subfield><subfield code="D">s</subfield><subfield code="a">Migrationshintergrund </subfield></datafield><datafield tag="689" ind1="1" ind2="2"><subfield code="0">(DE-588)4140124-4</subfield><subfield code="D">s</subfield><subfield code="a">Berufsorientierung</subfield><subfield code="5">DE-101</subfield></datafield><datafield tag="700" ind1="1" ind2=" "><subfield code="0">(DE-588)131730789</subfield><subfield code="0">(DE-Frei129)03001139</subfield><subfield code="a">Kahnwald, Nina</subfield><subfield code="4">aut</subfield></datafield><datafield tag="700" ind1="1" ind2=" "><subfield code="0">(DE-588)121731715</subfield><subfield code="0">(DE-Frei129)00728087</subfield><subfield code="a">Köhler, Thomas</subfield><subfield code="4">aut</subfield></datafield><datafield tag="852" ind1=" " ind2=" "><subfield code="a">Frei129</subfield><subfield code="c">Paed O 320: 140</subfield></datafield><datafield tag="856" ind1="4" ind2=" "><subfield code="8">00</subfield><subfield code="u">http://bvbr.bib-bvb.de:8991/F?func=service&amp;doc_library=BVB01&amp;doc_number=021211124&amp;line_number=0001&amp;func_code=DB_RECORDS&amp;service_type=MEDIA</subfield><subfield code="y">Inhaltsverzeichnis</subfield></datafield><datafield tag="980" ind1="0" ind2=" "><subfield code="a">00211335</subfield><subfield code="9">(PHFR)</subfield><subfield code="b">EG-Anbau (32)</subfield><subfield code="c">Paed O 320: 140</subfield><subfield code="d">Standardleihe (01)</subfield><subfield code="e">Verfügbar (X)</subfield></datafield></record>