
<record><leader>05649nam a2200000uu 4500</leader><controlfield tag="001">03008847</controlfield><controlfield tag="003">DE-Frei129</controlfield><controlfield tag="005">20220811084024.0</controlfield><controlfield tag="007">tu</controlfield><controlfield tag="008">100209s2010    |||||||||m||||||||||ger||</controlfield><datafield tag="015" ind1=" " ind2=" "><subfield code="a">10,N05</subfield></datafield><datafield tag="016" ind1="7" ind2=" "><subfield code="a">999759671</subfield><subfield code="2">DE-101</subfield></datafield><datafield tag="020" ind1=" " ind2=" "><subfield code="a">9783832523916</subfield><subfield code="9">9783832523916</subfield><subfield code="c">PB. : EUR 42.50, EUR 43.70 (AT), sfr 75.60 (freier Pr.)</subfield></datafield><datafield tag="024" ind1="3" ind2=" "><subfield code="a">9783832523916</subfield></datafield><datafield tag="035" ind1=" " ind2=" "><subfield code="a">(DE-576)618206760</subfield></datafield><datafield tag="041" ind1=" " ind2=" "><subfield code="a">ger</subfield></datafield><datafield tag="044" ind1=" " ind2=" "><subfield code="c">XA-DE-BE</subfield></datafield><datafield tag="100" ind1="1" ind2=" "><subfield code="a">Schoor, Cornelia</subfield><subfield code="0">(DE-Frei129)03001106</subfield></datafield><datafield tag="245" ind1="1" ind2="4"><subfield code="a">Die Bedeutung von Motivation für Wissenserwerbsprozesse beim computerunterstützten kooperativen Lernen</subfield><subfield code="c">Cornelia Schoor</subfield></datafield><datafield tag="260" ind1="3" ind2=" "><subfield code="a">Berlin</subfield><subfield code="b">Logos-Verl.</subfield><subfield code="c">2010</subfield></datafield><datafield tag="300" ind1=" " ind2=" "><subfield code="a">369 Seiten</subfield><subfield code="b">graph. Darst.</subfield><subfield code="c">210 mm x 145 mm</subfield></datafield><datafield tag="490" ind1="1" ind2=" "><subfield code="a">Wissensprozesse und digitale Medien </subfield><subfield code="v">14</subfield></datafield><datafield tag="500" ind1=" " ind2=" "><subfield code="a">Chemnitz</subfield></datafield><datafield tag="500" ind1=" " ind2=" "><subfield code="a">Literaturverz. S. 215 - 243</subfield></datafield><datafield tag="500" ind1=" " ind2=" "><subfield code="a">IMD-Felder maschinell generiert (GBV)</subfield></datafield><datafield tag="502" ind1=" " ind2=" "><subfield code="a">Zugl.: Chemnitz, Techn. Univ., Diss., 2009</subfield></datafield><datafield tag="650" ind1=" " ind2="7"><subfield code="a">Lernmotivation</subfield><subfield code="0">(DE-Frei129)00030312</subfield><subfield code="0">(DE-588)4074164-3</subfield><subfield code="2">gnd</subfield></datafield><datafield tag="650" ind1=" " ind2="7"><subfield code="a">Kooperatives Lernen</subfield><subfield code="0">(DE-Frei129)00061313</subfield><subfield code="0">(DE-588)4165245-9</subfield><subfield code="2">gnd</subfield></datafield><datafield tag="650" ind1=" " ind2="7"><subfield code="a">E-Learning</subfield><subfield code="0">(DE-Frei129)00067250</subfield><subfield code="0">(DE-588)4727098-6</subfield><subfield code="2">gnd</subfield></datafield><datafield tag="650" ind1=" " ind2="7"><subfield code="a">Computerunterstütztes Lernen</subfield><subfield code="0">(DE-Frei129)00028059</subfield><subfield code="0">(DE-588)4225938-1</subfield><subfield code="2">gnd</subfield></datafield><datafield tag="689" ind1="0" ind2="0"><subfield code="0">(DE-588)4074164-3</subfield><subfield code="D">s</subfield><subfield code="a">Lernmotivation </subfield></datafield><datafield tag="689" ind1="0" ind2="1"><subfield code="0">(DE-588)4165245-9</subfield><subfield code="D">s</subfield><subfield code="a">Kooperatives Lernen </subfield></datafield><datafield tag="689" ind1="0" ind2="2"><subfield code="0">(DE-588)4727098-6</subfield><subfield code="D">s</subfield><subfield code="a">E-Learning</subfield><subfield code="5">DE-101</subfield></datafield><datafield tag="689" ind1="1" ind2="0"><subfield code="0">(DE-588)4225938-1</subfield><subfield code="D">s</subfield><subfield code="a">Computerunterstütztes Lernen </subfield></datafield><datafield tag="689" ind1="1" ind2="1"><subfield code="0">(DE-588)4074164-3</subfield><subfield code="D">s</subfield><subfield code="a">Lernmotivation</subfield><subfield code="5">DE-101</subfield></datafield><datafield tag="830" ind1=" " ind2="0"><subfield code="a">Wissensprozesse und digitale Medien</subfield><subfield code="v">14</subfield><subfield code="w">(DE-Frei129)00274189</subfield><subfield code="9">214</subfield></datafield><datafield tag="852" ind1=" " ind2=" "><subfield code="a">Frei129</subfield><subfield code="c">Psy G 400: 76</subfield></datafield><datafield tag="856" ind1="4" ind2=" "><subfield code="8">00</subfield><subfield code="u">http://deposit.d-nb.de/cgi-bin/dokserv?id=3418336&amp;prov=M&amp;dok_var=1&amp;dok_ext=htm</subfield><subfield code="y">Inhaltstext</subfield></datafield><datafield tag="856" ind1="4" ind2=" "><subfield code="8">01</subfield><subfield code="u">http://d-nb.info/999759671/04</subfield><subfield code="y">Verlagsinformation</subfield></datafield><datafield tag="856" ind1="4" ind2=" "><subfield code="8">02</subfield><subfield code="u">http://deposit.d-nb.de/cgi-bin/dokserv?id=3418336&amp;prov=M&amp;dok_var=1&amp;dok_ext=htm</subfield><subfield code="y">Inhaltstext</subfield></datafield><datafield tag="980" ind1="0" ind2=" "><subfield code="a">00210645</subfield><subfield code="9">(PHFR)</subfield><subfield code="b">EG-Anbau (32)</subfield><subfield code="c">Psy G 400: 76</subfield><subfield code="d">Standardleihe (01)</subfield><subfield code="e">Verfügbar (X)</subfield></datafield></record>