
<record><leader>05329nam a2200000uu 4500</leader><controlfield tag="001">03008712</controlfield><controlfield tag="003">DE-Frei129</controlfield><controlfield tag="005">20220811084024.0</controlfield><controlfield tag="007">tu</controlfield><controlfield tag="008">110504s2010    ||||||||||||||||||||ger||</controlfield><datafield tag="015" ind1=" " ind2=" "><subfield code="a">09,A12,0706</subfield></datafield><datafield tag="016" ind1="7" ind2=" "><subfield code="a">989490394</subfield><subfield code="2">DE-101</subfield></datafield><datafield tag="020" ind1=" " ind2=" "><subfield code="a">9783403061243</subfield><subfield code="9">978-3-403-06124-3</subfield><subfield code="c">geh. : EUR 17.80 (DE), EUR 17.80 (AT), sfr 27.00 (freier Pr.)</subfield></datafield><datafield tag="024" ind1="3" ind2=" "><subfield code="a">9783403061243</subfield></datafield><datafield tag="024" ind1="8" ind2=" "><subfield code="a">6124</subfield></datafield><datafield tag="035" ind1=" " ind2=" "><subfield code="a">(DE-576)1610017110</subfield></datafield><datafield tag="041" ind1=" " ind2=" "><subfield code="a">ger</subfield></datafield><datafield tag="044" ind1=" " ind2=" "><subfield code="c">XA-DE-BY</subfield></datafield><datafield tag="245" ind1="1" ind2="0"><subfield code="a">Schneiden &amp; Malen üben für die Schule</subfield><subfield code="b">sofort einsetzbare Übungen zur Feinmotorik; [Kindergarten, Vorschule; mit 38 Kopiervorlagen]</subfield><subfield code="c">Magdalena Guiaro-Jullien</subfield></datafield><datafield tag="246" ind1="1" ind2="0"><subfield code="a">Schneiden und Malen üben für die Schule</subfield></datafield><datafield tag="246" ind1="1" ind2="3"><subfield code="a">Graphismes et découpages</subfield></datafield><datafield tag="250" ind1=" " ind2=" "><subfield code="a">2. Aufl.</subfield></datafield><datafield tag="260" ind1="3" ind2=" "><subfield code="a">Donauwörth</subfield><subfield code="b">Auer</subfield><subfield code="c">2010</subfield></datafield><datafield tag="300" ind1=" " ind2=" "><subfield code="a">64  Seiten</subfield><subfield code="b">überw. Ill.</subfield><subfield code="c">30 cm</subfield></datafield><datafield tag="650" ind1=" " ind2="7"><subfield code="a">Malspiel</subfield><subfield code="0">(DE-Frei129)00073783</subfield><subfield code="0">(DE-588)4200640-5</subfield><subfield code="2">gnd</subfield></datafield><datafield tag="650" ind1=" " ind2="7"><subfield code="a">Feinmotorik</subfield><subfield code="0">(DE-Frei129)00057019</subfield><subfield code="0">(DE-588)4153886-9</subfield><subfield code="2">gnd</subfield></datafield><datafield tag="650" ind1=" " ind2="7"><subfield code="a">Vorschulerziehung</subfield><subfield code="0">(DE-Frei129)00025677</subfield><subfield code="0">(DE-588)4064016-4</subfield><subfield code="2">gnd</subfield></datafield><datafield tag="650" ind1=" " ind2="7"><subfield code="a">Ausschneidebogen</subfield><subfield code="0">(DE-Frei129)00047879</subfield><subfield code="0">(DE-588)4133394-9</subfield><subfield code="2">gnd</subfield></datafield><datafield tag="655" ind1=" " ind2="7"><subfield code="a">Beispielsammlung</subfield><subfield code="0">(DE-Frei129)00000034</subfield><subfield code="2">local</subfield></datafield><datafield tag="689" ind1="0" ind2="0"><subfield code="0">(DE-588)4200640-5</subfield><subfield code="D">s</subfield><subfield code="a">Malspiel </subfield></datafield><datafield tag="689" ind1="0" ind2="1"><subfield code="0">(DE-588)4153886-9</subfield><subfield code="D">s</subfield><subfield code="a">Feinmotorik </subfield></datafield><datafield tag="689" ind1="0" ind2="2"><subfield code="0">(DE-588)4064016-4</subfield><subfield code="D">s</subfield><subfield code="a">Vorschulerziehung </subfield></datafield><datafield tag="689" ind1="0" ind2="3"><subfield code="A">s</subfield><subfield code="a">Beispielsammlung</subfield><subfield code="5">DE-101</subfield></datafield><datafield tag="689" ind1="1" ind2="0"><subfield code="0">(DE-588)4133394-9</subfield><subfield code="D">s</subfield><subfield code="a">Ausschneidebogen </subfield></datafield><datafield tag="689" ind1="1" ind2="1"><subfield code="0">(DE-588)4153886-9</subfield><subfield code="D">s</subfield><subfield code="a">Feinmotorik </subfield></datafield><datafield tag="689" ind1="1" ind2="2"><subfield code="0">(DE-588)4064016-4</subfield><subfield code="D">s</subfield><subfield code="a">Vorschulerziehung </subfield></datafield><datafield tag="689" ind1="1" ind2="3"><subfield code="A">s</subfield><subfield code="a">Beispielsammlung</subfield><subfield code="5">DE-101</subfield></datafield><datafield tag="700" ind1="1" ind2=" "><subfield code="0">(DE-Frei129)00398466</subfield><subfield code="a">Guiaro-Jullien, Magdalena</subfield><subfield code="4">oth</subfield></datafield><datafield tag="852" ind1=" " ind2=" "><subfield code="a">Frei 129</subfield><subfield code="b">PHFR</subfield><subfield code="c">Paed G 680: 207</subfield></datafield><datafield tag="980" ind1="0" ind2=" "><subfield code="a">00453326</subfield><subfield code="9">(PHFR)</subfield><subfield code="b">EG-Anbau (32)</subfield><subfield code="c">Paed G 680: 207</subfield><subfield code="d">Standardleihe (01)</subfield><subfield code="e">Verfügbar (X)</subfield><subfield code="x">5. Auflage 2016</subfield></datafield></record>