
<record><leader>04341nam a2200000uu 4500</leader><controlfield tag="001">03008688</controlfield><controlfield tag="003">DE-Frei129</controlfield><controlfield tag="005">20220811084025.0</controlfield><controlfield tag="007">tu</controlfield><controlfield tag="008">110505s2010    ||||||||||||||||||||ger||</controlfield><datafield tag="015" ind1=" " ind2=" "><subfield code="a">11,A15</subfield></datafield><datafield tag="016" ind1="7" ind2=" "><subfield code="a">100888958X</subfield><subfield code="2">DE-101</subfield></datafield><datafield tag="020" ind1=" " ind2=" "><subfield code="a">9783941274594</subfield><subfield code="9">9783941274594</subfield><subfield code="c">kart. : EUR 34.90</subfield></datafield><datafield tag="024" ind1="3" ind2=" "><subfield code="a">9783941274594</subfield></datafield><datafield tag="035" ind1=" " ind2=" "><subfield code="a">(DE-576)1610051653</subfield></datafield><datafield tag="041" ind1=" " ind2=" "><subfield code="a">ger</subfield></datafield><datafield tag="044" ind1=" " ind2=" "><subfield code="c">XA-DE-NI</subfield></datafield><datafield tag="100" ind1="1" ind2=" "><subfield code="a">Kemmer, Anne</subfield><subfield code="0">(DE-Frei129)00398511</subfield><subfield code="0">(DE-588)143635328</subfield></datafield><datafield tag="245" ind1="1" ind2="0"><subfield code="a">Segeln und Physik</subfield><subfield code="b">Beispiele für einen fächerübergreifenden Unterricht</subfield><subfield code="c">Anne Kemmer</subfield></datafield><datafield tag="250" ind1=" " ind2=" "><subfield code="a">1. Aufl.</subfield></datafield><datafield tag="260" ind1="3" ind2=" "><subfield code="a">Göttingen</subfield><subfield code="b">Optimus-Verl.</subfield><subfield code="c">2010</subfield></datafield><datafield tag="300" ind1=" " ind2=" "><subfield code="a">V, 77 Seiten</subfield><subfield code="b">Ill., graph. Darst.</subfield><subfield code="c">21cm</subfield></datafield><datafield tag="500" ind1=" " ind2=" "><subfield code="a">Literaturangaben</subfield></datafield><datafield tag="650" ind1=" " ind2="7"><subfield code="a">Segeln</subfield><subfield code="0">(DE-Frei129)00021906</subfield><subfield code="0">(DE-588)4054230-0</subfield><subfield code="2">gnd</subfield></datafield><datafield tag="650" ind1=" " ind2="7"><subfield code="a">Physikunterricht</subfield><subfield code="0">(DE-Frei129)00019086</subfield><subfield code="0">(DE-588)4045977-9</subfield><subfield code="2">gnd</subfield></datafield><datafield tag="650" ind1=" " ind2="7"><subfield code="a">Sportunterricht</subfield><subfield code="0">(DE-Frei129)00027694</subfield><subfield code="0">(DE-588)4077704-2</subfield><subfield code="2">gnd</subfield></datafield><datafield tag="689" ind1="0" ind2="0"><subfield code="0">(DE-588)4054230-0</subfield><subfield code="D">s</subfield><subfield code="a">Segeln </subfield></datafield><datafield tag="689" ind1="0" ind2="1"><subfield code="0">(DE-588)4045977-9</subfield><subfield code="D">s</subfield><subfield code="a">Physikunterricht </subfield></datafield><datafield tag="689" ind1="0" ind2="2"><subfield code="0">(DE-588)4077704-2</subfield><subfield code="D">s</subfield><subfield code="a">Sportunterricht</subfield><subfield code="5">DE-101</subfield></datafield><datafield tag="852" ind1=" " ind2=" "><subfield code="a">Frei129</subfield><subfield code="c">Phy C 90: 4</subfield></datafield><datafield tag="856" ind1="4" ind2=" "><subfield code="8">00</subfield><subfield code="u">http://d-nb.info/100888958X/04</subfield><subfield code="y">Inhaltsverzeichnis</subfield></datafield><datafield tag="856" ind1="4" ind2=" "><subfield code="8">01</subfield><subfield code="u">http://deposit.d-nb.de/cgi-bin/dokserv?id=3628352&amp;prov=M&amp;dok_var=1&amp;dok_ext=htm</subfield><subfield code="y">Verlagsinformation</subfield></datafield><datafield tag="856" ind1="4" ind2=" "><subfield code="8">02</subfield><subfield code="u">http://www.optimus-verlag.de/PDF/9783941274594_Leseprobe.pdf</subfield><subfield code="y">Erstes Kapitel</subfield></datafield><datafield tag="980" ind1="0" ind2=" "><subfield code="a">00220246</subfield><subfield code="9">(PHFR)</subfield><subfield code="b">UG (33)</subfield><subfield code="c">Phy C 90: 4</subfield><subfield code="d">Standardleihe (01)</subfield><subfield code="e">Verfügbar (X)</subfield></datafield></record>