
<record><leader>07954nam a2200000uu 4500</leader><controlfield tag="001">03008212</controlfield><controlfield tag="003">DE-Frei129</controlfield><controlfield tag="005">20220811084025.0</controlfield><controlfield tag="007">tu</controlfield><controlfield tag="008">101103s2010    |||||||||m||||||||||ger||</controlfield><datafield tag="015" ind1=" " ind2=" "><subfield code="a">11,A11</subfield></datafield><datafield tag="016" ind1="7" ind2=" "><subfield code="a">1007868996</subfield><subfield code="2">DE-101</subfield></datafield><datafield tag="020" ind1=" " ind2=" "><subfield code="a">9783937404929</subfield><subfield code="9">9783937404929</subfield><subfield code="c">kart. : EUR 29.90 (DE)</subfield></datafield><datafield tag="024" ind1="3" ind2=" "><subfield code="a">9783937404929</subfield></datafield><datafield tag="035" ind1=" " ind2=" "><subfield code="a">(DE-576)638422337</subfield></datafield><datafield tag="040" ind1=" " ind2=" "><subfield code="e">rda</subfield></datafield><datafield tag="041" ind1=" " ind2=" "><subfield code="a">ger</subfield></datafield><datafield tag="044" ind1=" " ind2=" "><subfield code="c">XA-DE-NW</subfield></datafield><datafield tag="100" ind1="1" ind2=" "><subfield code="a">Vetter, Norbert R.</subfield><subfield code="0">(DE-Frei129)00438425</subfield></datafield><datafield tag="245" ind1="1" ind2="0"><subfield code="a">Emotion zwischen Affekt und Kognition</subfield><subfield code="b">zur emotionalen Dimension in der Kunstpädagogik</subfield><subfield code="c">Norbert R. Vetter</subfield></datafield><datafield tag="264" ind1=" " ind2="4"><subfield code="a">Köln</subfield><subfield code="b">Kölner Wissenschaftsverlag</subfield><subfield code="c">2010</subfield></datafield><datafield tag="300" ind1=" " ind2=" "><subfield code="a">257 Seiten</subfield><subfield code="b">Diagramme</subfield><subfield code="c">24 cm</subfield></datafield><datafield tag="336" ind1=" " ind2=" "><subfield code="a">text</subfield><subfield code="b">txt</subfield><subfield code="2">rdacontent</subfield></datafield><datafield tag="337" ind1=" " ind2=" "><subfield code="a">unmediated</subfield><subfield code="b">n</subfield><subfield code="2">rdamedia</subfield></datafield><datafield tag="338" ind1=" " ind2=" "><subfield code="a">volume</subfield><subfield code="b">nc</subfield><subfield code="2">rdacarrier</subfield></datafield><datafield tag="501" ind1=" " ind2=" "><subfield code="a">Literaturverz. S. 211 - 226</subfield></datafield><datafield tag="648" ind1=" " ind2="7"><subfield code="a">Geschichte</subfield><subfield code="0">(DE-Frei129)00000468</subfield><subfield code="2">local</subfield></datafield><datafield tag="650" ind1=" " ind2="7"><subfield code="a">Kunsterziehung</subfield><subfield code="0">(DE-Frei129)00014555</subfield><subfield code="0">(DE-588)4033637-2</subfield><subfield code="2">gnd</subfield></datafield><datafield tag="650" ind1=" " ind2="7"><subfield code="a">Fachdidaktik</subfield><subfield code="0">(DE-Frei129)00040269</subfield><subfield code="0">(DE-588)4123176-4</subfield><subfield code="2">gnd</subfield></datafield><datafield tag="650" ind1=" " ind2="7"><subfield code="a">Gefühl</subfield><subfield code="0">(DE-Frei129)00006865</subfield><subfield code="0">(DE-588)4019702-5</subfield><subfield code="2">gnd</subfield></datafield><datafield tag="650" ind1=" " ind2="7"><subfield code="a">Kognition</subfield><subfield code="0">(DE-Frei129)00012089</subfield><subfield code="0">(DE-588)4031630-0</subfield><subfield code="2">gnd</subfield></datafield><datafield tag="650" ind1=" " ind2="7"><subfield code="a">Ästhetische Erziehung</subfield><subfield code="0">(DE-Frei129)00000772</subfield><subfield code="0">(DE-588)4000628-1</subfield><subfield code="2">gnd</subfield></datafield><datafield tag="650" ind1=" " ind2="7"><subfield code="a">Musische Erziehung</subfield><subfield code="0">(DE-Frei129)00000773</subfield><subfield code="0">(DE-588)4040890-5</subfield><subfield code="2">gnd</subfield></datafield><datafield tag="689" ind1="0" ind2="0"><subfield code="0">(DE-588)4033637-2</subfield><subfield code="D">s</subfield><subfield code="a">Kunsterziehung </subfield></datafield><datafield tag="689" ind1="0" ind2="1"><subfield code="0">(DE-588)4123176-4</subfield><subfield code="D">s</subfield><subfield code="a">Fachdidaktik </subfield></datafield><datafield tag="689" ind1="0" ind2="2"><subfield code="0">(DE-588)4019702-5</subfield><subfield code="D">s</subfield><subfield code="a">Gefühl </subfield></datafield><datafield tag="689" ind1="0" ind2="3"><subfield code="A">s</subfield><subfield code="a">Geschichte</subfield><subfield code="5">DE-101</subfield></datafield><datafield tag="689" ind1="1" ind2="0"><subfield code="0">(DE-588)4033637-2</subfield><subfield code="D">s</subfield><subfield code="a">Kunsterziehung </subfield></datafield><datafield tag="689" ind1="1" ind2="1"><subfield code="0">(DE-588)4123176-4</subfield><subfield code="D">s</subfield><subfield code="a">Fachdidaktik </subfield></datafield><datafield tag="689" ind1="1" ind2="2"><subfield code="0">(DE-588)4019702-5</subfield><subfield code="D">s</subfield><subfield code="a">Gefühl </subfield></datafield><datafield tag="689" ind1="1" ind2="3"><subfield code="0">(DE-588)4031630-0</subfield><subfield code="D">s</subfield><subfield code="a">Kognition </subfield></datafield><datafield tag="689" ind1="1" ind2="4"><subfield code="0">(DE-588)4000628-1</subfield><subfield code="D">s</subfield><subfield code="a">Ästhetische Erziehung </subfield></datafield><datafield tag="689" ind1="1" ind2="5"><subfield code="0">(DE-588)4040890-5</subfield><subfield code="D">s</subfield><subfield code="a">Musische Erziehung</subfield><subfield code="5">DE-101</subfield></datafield><datafield tag="689" ind1="2" ind2="0"><subfield code="0">(DE-588)4033637-2</subfield><subfield code="D">s</subfield><subfield code="a">Kunsterziehung</subfield><subfield code="5">DE-101</subfield></datafield><datafield tag="689" ind1="3" ind2="0"><subfield code="0">(DE-588)4123176-4</subfield><subfield code="D">s</subfield><subfield code="a">Fachdidaktik</subfield><subfield code="5">DE-101</subfield></datafield><datafield tag="689" ind1="4" ind2="0"><subfield code="0">(DE-588)4019702-5</subfield><subfield code="D">s</subfield><subfield code="a">Gefühl</subfield><subfield code="5">DE-101</subfield></datafield><datafield tag="689" ind1="5" ind2="0"><subfield code="A">s</subfield><subfield code="a">Geschichte</subfield><subfield code="5">DE-101</subfield></datafield><datafield tag="710" ind1="2" ind2=" "><subfield code="0">(DE-Frei129)00000989</subfield><subfield code="0">(DE-588)35074-6</subfield><subfield code="a">Goethe-Universität Frankfurt am Main</subfield><subfield code="4">dgg</subfield></datafield><datafield tag="710" ind1="2" ind2=" "><subfield code="0">(DE-Frei129)58036986</subfield><subfield code="0">(DE-588)1065298560</subfield><subfield code="a">Kölner Wissenschaftsverlag</subfield><subfield code="4">oth</subfield></datafield><datafield tag="852" ind1=" " ind2=" "><subfield code="a">Frei 129</subfield><subfield code="b">PHFR</subfield><subfield code="c">LH 61200 V591</subfield></datafield><datafield tag="856" ind1="4" ind2=" "><subfield code="8">00</subfield><subfield code="u">http://www.gbv.de/dms/mpib-toc/638422337.pdf</subfield><subfield code="y">Inhaltsverzeichnis</subfield></datafield><datafield tag="856" ind1="4" ind2=" "><subfield code="8">01</subfield><subfield code="u">http://deposit.d-nb.de/cgi-bin/dokserv?id=3553434&amp;prov=M&amp;dok_var=1&amp;dok_ext=htm</subfield><subfield code="y">Verlagsinformation</subfield></datafield><datafield tag="980" ind1="0" ind2=" "><subfield code="a">00217946</subfield><subfield code="9">(PHFR)</subfield><subfield code="b">2.OG (35)</subfield><subfield code="c">LH 61200 V591</subfield><subfield code="d">Standardleihe (01)</subfield><subfield code="e">Verfügbar (X)</subfield></datafield></record>