
<record><leader>08661nam a2200000uu 4500</leader><controlfield tag="001">03007941</controlfield><controlfield tag="003">DE-Frei129</controlfield><controlfield tag="005">20220811084025.0</controlfield><controlfield tag="007">tu</controlfield><controlfield tag="008">110126s2010    |||||||||m||||||||||ger||</controlfield><datafield tag="015" ind1=" " ind2=" "><subfield code="a">11,A09</subfield></datafield><datafield tag="016" ind1="7" ind2=" "><subfield code="a">1009538497</subfield><subfield code="2">DE-101</subfield></datafield><datafield tag="020" ind1=" " ind2=" "><subfield code="a">9783868212433</subfield><subfield code="9">9783868212433</subfield><subfield code="c">kart. : EUR 35.00 (DE)</subfield></datafield><datafield tag="024" ind1="3" ind2=" "><subfield code="a">9783868212433</subfield></datafield><datafield tag="035" ind1=" " ind2=" "><subfield code="a">(DE-576)644676264</subfield></datafield><datafield tag="041" ind1=" " ind2=" "><subfield code="a">ger</subfield></datafield><datafield tag="044" ind1=" " ind2=" "><subfield code="c">XA-DE-RP</subfield></datafield><datafield tag="100" ind1="1" ind2=" "><subfield code="a">Kleinbub, Iris Diana</subfield><subfield code="0">(DE-Frei129)00339911</subfield><subfield code="0">(DE-588)143253727</subfield></datafield><datafield tag="245" ind1="1" ind2="0"><subfield code="a">Unterrichtsqualität im Leseunterricht</subfield><subfield code="b">eine videobasierte Analyse in vierten Klassen</subfield><subfield code="c">Iris Diana Kleinbub</subfield></datafield><datafield tag="246" ind1="1" ind2="0"><subfield code="a">Videobasierte Analyse von Unterrichtsqualität im Leseunterricht der vierten Klasse</subfield></datafield><datafield tag="260" ind1="3" ind2=" "><subfield code="a">Trier</subfield><subfield code="b">Wiss. Verl. Trier</subfield><subfield code="c">2010</subfield></datafield><datafield tag="300" ind1=" " ind2=" "><subfield code="a">338 Seiten</subfield><subfield code="b">graph. Darst.</subfield><subfield code="c">21 cm</subfield></datafield><datafield tag="490" ind1="1" ind2=" "><subfield code="a">Koblenz-Landauer Studien zu Geistes-, Kultur- und Bildungswissenschaften </subfield><subfield code="v">Bd. 9</subfield></datafield><datafield tag="500" ind1=" " ind2=" "><subfield code="a">Koblenz</subfield></datafield><datafield tag="500" ind1=" " ind2=" "><subfield code="a">Landau in der Pfalz</subfield></datafield><datafield tag="500" ind1=" " ind2=" "><subfield code="a">IMD-Felder maschinell generiert (GBV)</subfield></datafield><datafield tag="502" ind1=" " ind2=" "><subfield code="a">Zugl.: Koblenz, Landau (Pfalz), Univ., Campus Landau (Pfalz), Diss. u.d.T.: Kleinbub, Iris Diana: Videobasierte Analyse von Unterrichtsqualität im Leseunterricht der vierten Klasse</subfield></datafield><datafield tag="648" ind1=" " ind2="7"><subfield code="a">Germany</subfield><subfield code="x">Evaluation</subfield><subfield code="0">(DE-Frei129)14280556</subfield><subfield code="2">local</subfield></datafield><datafield tag="648" ind1=" " ind2="7"><subfield code="a">Germany</subfield><subfield code="0">(DE-Frei129)14259060</subfield><subfield code="2">local</subfield></datafield><datafield tag="650" ind1=" " ind2="7"><subfield code="a">Qualität</subfield><subfield code="0">(DE-Frei129)00019907</subfield><subfield code="0">(DE-588)4047966-3</subfield><subfield code="2">gnd</subfield></datafield><datafield tag="650" ind1=" " ind2="7"><subfield code="a">Schuljahr 4</subfield><subfield code="0">(DE-Frei129)00021623</subfield><subfield code="0">(DE-588)4053505-8</subfield><subfield code="2">gnd</subfield></datafield><datafield tag="650" ind1=" " ind2="7"><subfield code="a">Deutschunterricht</subfield><subfield code="0">(DE-Frei129)00005880</subfield><subfield code="0">(DE-588)4011975-0</subfield><subfield code="2">gnd</subfield></datafield><datafield tag="650" ind1=" " ind2="7"><subfield code="a">Leseunterricht</subfield><subfield code="0">(DE-Frei129)00015303</subfield><subfield code="0">(DE-588)4035448-9</subfield><subfield code="2">gnd</subfield></datafield><datafield tag="650" ind1=" " ind2="7"><subfield code="a">Schuljahr 4</subfield><subfield code="0">(DE-Frei129)00021623</subfield><subfield code="0">(DE-588)4053505-8</subfield><subfield code="2">gnd</subfield></datafield><datafield tag="650" ind1=" " ind2="7"><subfield code="a">Unterricht</subfield><subfield code="0">(DE-Frei129)00001741</subfield><subfield code="0">(DE-588)4062005-0</subfield><subfield code="2">gnd</subfield></datafield><datafield tag="650" ind1=" " ind2="7"><subfield code="a">Qualität</subfield><subfield code="0">(DE-Frei129)00019907</subfield><subfield code="0">(DE-588)4047966-3</subfield><subfield code="2">gnd</subfield></datafield><datafield tag="650" ind1=" " ind2="7"><subfield code="a">Videoaufzeichnung</subfield><subfield code="0">(DE-Frei129)00054403</subfield><subfield code="0">(DE-588)4188222-2</subfield><subfield code="2">gnd</subfield></datafield><datafield tag="650" ind1=" " ind2="7"><subfield code="a">Reading (Elementary)</subfield><subfield code="0">(DE-Frei129)14309868</subfield><subfield code="2">local</subfield></datafield><datafield tag="650" ind1=" " ind2="7"><subfield code="a">Reading (Elementary)</subfield><subfield code="x">Ability testing</subfield><subfield code="0">(DE-Frei129)14309869</subfield><subfield code="2">local</subfield></datafield><datafield tag="650" ind1=" " ind2="7"><subfield code="a">Fourth grade (Education)</subfield><subfield code="0">(DE-Frei129)14309870</subfield><subfield code="2">local</subfield></datafield><datafield tag="689" ind1="0" ind2="0"><subfield code="0">(DE-588)4011975-0</subfield><subfield code="D">s</subfield><subfield code="a">Deutschunterricht </subfield></datafield><datafield tag="689" ind1="0" ind2="1"><subfield code="0">(DE-588)4035448-9</subfield><subfield code="D">s</subfield><subfield code="a">Leseunterricht </subfield></datafield><datafield tag="689" ind1="0" ind2="2"><subfield code="0">(DE-588)4053505-8</subfield><subfield code="D">s</subfield><subfield code="a">Schuljahr 4 </subfield></datafield><datafield tag="689" ind1="0" ind2="3"><subfield code="0">(DE-588)4062005-0</subfield><subfield code="D">s</subfield><subfield code="a">Unterricht </subfield></datafield><datafield tag="689" ind1="0" ind2="4"><subfield code="0">(DE-588)4047966-3</subfield><subfield code="D">s</subfield><subfield code="a">Qualität </subfield></datafield><datafield tag="689" ind1="0" ind2="5"><subfield code="0">(DE-588)4188222-2</subfield><subfield code="D">s</subfield><subfield code="a">Videoaufzeichnung</subfield><subfield code="5">DE-101</subfield></datafield><datafield tag="689" ind1="1" ind2="0"><subfield code="A">s</subfield><subfield code="a">Reading (Elementary) </subfield></datafield><datafield tag="689" ind1="1" ind2="1"><subfield code="A">s</subfield><subfield code="a">Germany / Evaluation</subfield><subfield code="5">DE-101</subfield></datafield><datafield tag="689" ind1="2" ind2="0"><subfield code="A">s</subfield><subfield code="a">Reading (Elementary) / Ability testing </subfield></datafield><datafield tag="689" ind1="2" ind2="1"><subfield code="A">s</subfield><subfield code="a">Germany</subfield><subfield code="5">DE-101</subfield></datafield><datafield tag="689" ind1="3" ind2="0"><subfield code="A">s</subfield><subfield code="a">Fourth grade (Education) </subfield></datafield><datafield tag="689" ind1="3" ind2="1"><subfield code="A">s</subfield><subfield code="a">Germany</subfield><subfield code="5">DE-101</subfield></datafield><datafield tag="830" ind1=" " ind2="0"><subfield code="a">Koblenz-Landauer Studien zu Geistes-, Kultur- und Bildungswissenschaften</subfield><subfield code="v">Bd. 9</subfield><subfield code="w">(DE-Frei129)00295995</subfield><subfield code="9">19</subfield></datafield><datafield tag="852" ind1=" " ind2=" "><subfield code="a">Frei 129</subfield><subfield code="b">PHFR</subfield><subfield code="c">GB 2958 K64</subfield></datafield><datafield tag="856" ind1="4" ind2=" "><subfield code="8">00</subfield><subfield code="u">http://d-nb.info/1009538497/04</subfield><subfield code="y">Kurzbeschreibung des Verlags</subfield></datafield><datafield tag="856" ind1="4" ind2=" "><subfield code="8">01</subfield><subfield code="u">http://www.wvttrier.de</subfield><subfield code="y">Verlagsinformation</subfield></datafield><datafield tag="980" ind1="0" ind2=" "><subfield code="a">00218428</subfield><subfield code="9">(PHFR)</subfield><subfield code="b">2.OG (35)</subfield><subfield code="c">GB 2958 K64</subfield><subfield code="d">Standardleihe (01)</subfield><subfield code="e">Verfügbar (X)</subfield></datafield></record>