
<record><leader>05422nam a2200000uu 4500</leader><controlfield tag="001">03007607</controlfield><controlfield tag="003">DE-Frei129</controlfield><controlfield tag="005">20220811084025.0</controlfield><controlfield tag="007">tu</controlfield><controlfield tag="008">101201s2010    ||||||||||||||||||||ger||</controlfield><datafield tag="015" ind1=" " ind2=" "><subfield code="a">11,A07</subfield></datafield><datafield tag="016" ind1="7" ind2=" "><subfield code="a">1008469890</subfield><subfield code="2">DE-101</subfield></datafield><datafield tag="020" ind1=" " ind2=" "><subfield code="a">9783881208178</subfield><subfield code="9">9783881208178</subfield><subfield code="c">kart. : EUR 19.90 (DE)</subfield></datafield><datafield tag="020" ind1=" " ind2=" "><subfield code="z">9783881204774</subfield><subfield code="9">978-3-88120-477-4</subfield></datafield><datafield tag="024" ind1="3" ind2=" "><subfield code="a">9783881208178</subfield></datafield><datafield tag="035" ind1=" " ind2=" "><subfield code="a">(DE-576)640870821</subfield></datafield><datafield tag="041" ind1=" " ind2=" "><subfield code="a">ger</subfield></datafield><datafield tag="044" ind1=" " ind2=" "><subfield code="c">XA-DE-NI</subfield></datafield><datafield tag="245" ind1="1" ind2="0"><subfield code="a">Basiskompetenzen in der Geometrie</subfield><subfield code="b">[Herbsttagung 2009 des GDM-Arbeitskreises Geometrie]</subfield><subfield code="c">Matthias Ludwig und Reinhard Oldenburg (Hrsg.)</subfield></datafield><datafield tag="260" ind1="3" ind2=" "><subfield code="a">Hildesheim ; Berlin</subfield><subfield code="b">Verl. Franzbecker</subfield><subfield code="c">2010</subfield></datafield><datafield tag="300" ind1=" " ind2=" "><subfield code="a">177 Seiten</subfield><subfield code="b">Ill., graph. Darst.</subfield><subfield code="c">205 mm x 145 mm</subfield></datafield><datafield tag="500" ind1=" " ind2=" "><subfield code="a">Konferenzschrift, 2009</subfield></datafield><datafield tag="500" ind1=" " ind2=" "><subfield code="a">Königswinter</subfield></datafield><datafield tag="500" ind1=" " ind2=" "><subfield code="a">Literaturangaben</subfield></datafield><datafield tag="500" ind1=" " ind2=" "><subfield code="a">IMD-Felder maschinell generiert (GBV)</subfield></datafield><datafield tag="650" ind1=" " ind2="7"><subfield code="a">Mathematikunterricht</subfield><subfield code="0">(DE-Frei129)00016130</subfield><subfield code="0">(DE-588)4037949-8</subfield><subfield code="2">gnd</subfield></datafield><datafield tag="650" ind1=" " ind2="7"><subfield code="a">Geometrie</subfield><subfield code="0">(DE-Frei129)00000984</subfield><subfield code="0">(DE-588)4020236-7</subfield><subfield code="2">gnd</subfield></datafield><datafield tag="650" ind1=" " ind2="7"><subfield code="a">Fachwissen</subfield><subfield code="0">(DE-Frei129)00072453</subfield><subfield code="0">(DE-588)4195141-4</subfield><subfield code="2">gnd</subfield></datafield><datafield tag="650" ind1=" " ind2="7"><subfield code="a">Paperback</subfield><subfield code="x">softback</subfield><subfield code="0">(DE-Frei129)02516355</subfield><subfield code="2">local</subfield></datafield><datafield tag="689" ind1="0" ind2="0"><subfield code="0">(DE-588)4037949-8</subfield><subfield code="D">s</subfield><subfield code="a">Mathematikunterricht </subfield></datafield><datafield tag="689" ind1="0" ind2="1"><subfield code="0">(DE-588)4020236-7</subfield><subfield code="D">s</subfield><subfield code="a">Geometrie </subfield></datafield><datafield tag="689" ind1="0" ind2="2"><subfield code="0">(DE-588)4195141-4</subfield><subfield code="D">s</subfield><subfield code="a">Fachwissen</subfield><subfield code="5">DE-101</subfield></datafield><datafield tag="689" ind1="1" ind2="0"><subfield code="A">s</subfield><subfield code="a">Paperback / softback</subfield><subfield code="5">DE-101</subfield></datafield><datafield tag="700" ind1="1" ind2=" "><subfield code="0">(DE-588)118200038</subfield><subfield code="0">(DE-Frei129)00165458</subfield><subfield code="a">Ludwig, Matthias</subfield><subfield code="4">oth</subfield></datafield><datafield tag="700" ind1="1" ind2=" "><subfield code="0">(DE-Frei129)01194863</subfield><subfield code="a">Oldenburg, Reinhard</subfield><subfield code="4">oth</subfield></datafield><datafield tag="710" ind1="2" ind2=" "><subfield code="0">(DE-Frei129)00016463</subfield><subfield code="0">(DE-588)10361193-9</subfield><subfield code="a">Gesellschaft für Didaktik der Mathematik</subfield><subfield code="b">Arbeitskreis Geometrie</subfield><subfield code="4">oth</subfield></datafield><datafield tag="852" ind1=" " ind2=" "><subfield code="a">Frei129</subfield><subfield code="c">Math N 450: 186</subfield></datafield><datafield tag="856" ind1="4" ind2=" "><subfield code="8">00</subfield><subfield code="u">http://d-nb.info/1008469890/04</subfield><subfield code="y">Inhaltsverzeichnis</subfield></datafield><datafield tag="856" ind1="4" ind2=" "><subfield code="8">01</subfield><subfield code="u">https://zbmath.org/?q=an:1205.00091</subfield><subfield code="y">Inhaltstext</subfield></datafield><datafield tag="980" ind1="0" ind2=" "><subfield code="a">00218833</subfield><subfield code="9">(PHFR)</subfield><subfield code="b">UG (33)</subfield><subfield code="c">Math N 450: 186</subfield><subfield code="d">Standardleihe (01)</subfield><subfield code="e">Verfügbar (X)</subfield></datafield></record>