
<record><leader>04804nam a2200000uu 4500</leader><controlfield tag="001">03007606</controlfield><controlfield tag="003">DE-Frei129</controlfield><controlfield tag="005">20220811084025.0</controlfield><controlfield tag="007">tu</controlfield><controlfield tag="008">110304s2010    ||||||||||||||||||||ger||</controlfield><datafield tag="015" ind1=" " ind2=" "><subfield code="a">11,A07</subfield></datafield><datafield tag="016" ind1="7" ind2=" "><subfield code="a">1003005373</subfield><subfield code="2">DE-101</subfield></datafield><datafield tag="020" ind1=" " ind2=" "><subfield code="a">9783834607409</subfield><subfield code="9">9783834607409</subfield><subfield code="c">in Mappe : EUR 19.80 (DE), EUR 20.35 (AT), sfr 34.70 (freier Pr.)</subfield></datafield><datafield tag="024" ind1="3" ind2=" "><subfield code="a">9783834607409</subfield></datafield><datafield tag="035" ind1=" " ind2=" "><subfield code="a">(DE-576)1608496600</subfield></datafield><datafield tag="041" ind1=" " ind2=" "><subfield code="a">ger</subfield></datafield><datafield tag="044" ind1=" " ind2=" "><subfield code="c">XA-DE-NW</subfield></datafield><datafield tag="245" ind1="1" ind2="0"><subfield code="a">(Un)geliebte Rechtschreibung</subfield><subfield code="b">Lernspiele mit Merkregeln</subfield><subfield code="c">Nina Wilkening</subfield></datafield><datafield tag="246" ind1="1" ind2="0"><subfield code="a">Geliebte Rechtschreibung</subfield></datafield><datafield tag="246" ind1="1" ind2="0"><subfield code="a">Ungeliebte Rechtschreibung</subfield></datafield><datafield tag="260" ind1="3" ind2=" "><subfield code="a">Mülheim an der Ruhr</subfield><subfield code="b">Verlag an der Ruhr</subfield><subfield code="c">2010</subfield></datafield><datafield tag="300" ind1=" " ind2=" "><subfield code="a">68 Blatt</subfield><subfield code="b">Ill.</subfield><subfield code="c">31 cm</subfield></datafield><datafield tag="650" ind1=" " ind2="7"><subfield code="a">Deutsch</subfield><subfield code="0">(DE-Frei129)00001208</subfield><subfield code="0">(DE-588)4113292-0</subfield><subfield code="2">gnd</subfield></datafield><datafield tag="650" ind1=" " ind2="7"><subfield code="a">Rechtschreibung</subfield><subfield code="0">(DE-Frei129)00020237</subfield><subfield code="0">(DE-588)4048780-5</subfield><subfield code="2">gnd</subfield></datafield><datafield tag="650" ind1=" " ind2="7"><subfield code="a">Lernspiel</subfield><subfield code="0">(DE-Frei129)00030319</subfield><subfield code="0">(DE-588)4074167-9</subfield><subfield code="2">gnd</subfield></datafield><datafield tag="650" ind1=" " ind2="7"><subfield code="a">Deutschunterricht</subfield><subfield code="0">(DE-Frei129)00005880</subfield><subfield code="0">(DE-588)4011975-0</subfield><subfield code="2">gnd</subfield></datafield><datafield tag="650" ind1=" " ind2="7"><subfield code="a">Sekundarstufe 1</subfield><subfield code="0">(DE-Frei129)00021625</subfield><subfield code="0">(DE-588)4054365-1</subfield><subfield code="2">gnd</subfield></datafield><datafield tag="689" ind1="0" ind2="0"><subfield code="0">(DE-588)4113292-0</subfield><subfield code="D">s</subfield><subfield code="a">Deutsch </subfield></datafield><datafield tag="689" ind1="0" ind2="1"><subfield code="0">(DE-588)4048780-5</subfield><subfield code="D">s</subfield><subfield code="a">Rechtschreibung </subfield></datafield><datafield tag="689" ind1="0" ind2="2"><subfield code="0">(DE-588)4074167-9</subfield><subfield code="D">s</subfield><subfield code="a">Lernspiel </subfield></datafield><datafield tag="689" ind1="0" ind2="3"><subfield code="0">(DE-588)4011975-0</subfield><subfield code="D">s</subfield><subfield code="a">Deutschunterricht </subfield></datafield><datafield tag="689" ind1="0" ind2="4"><subfield code="0">(DE-588)4054365-1</subfield><subfield code="D">s</subfield><subfield code="a">Sekundarstufe 1</subfield><subfield code="5">DE-101</subfield></datafield><datafield tag="700" ind1="1" ind2=" "><subfield code="0">(DE-Frei129)00158451</subfield><subfield code="a">Wilkening, Nina</subfield><subfield code="4">aut</subfield></datafield><datafield tag="852" ind1=" " ind2=" "><subfield code="a">Frei 129</subfield><subfield code="b">PHFR</subfield><subfield code="c">GB 2982 W681</subfield></datafield><datafield tag="856" ind1="4" ind2=" "><subfield code="8">00</subfield><subfield code="u">http://deposit.d-nb.de/cgi-bin/dokserv?id=3484743&amp;prov=M&amp;dok_var=1&amp;dok_ext=htm</subfield><subfield code="y">Inhaltstext</subfield></datafield><datafield tag="980" ind1="0" ind2=" "><subfield code="a">00218862</subfield><subfield code="9">(PHFR)</subfield><subfield code="b">2.OG (35)</subfield><subfield code="c">GB 2982 W681</subfield><subfield code="d">Standardleihe (01)</subfield><subfield code="e">Verfügbar (X)</subfield></datafield></record>