
<record><leader>04050nam a2200000uu 4500</leader><controlfield tag="001">03007577</controlfield><controlfield tag="003">DE-Frei129</controlfield><controlfield tag="005">20220811084025.0</controlfield><controlfield tag="007">tu</controlfield><controlfield tag="008">110427s2010    ||||||||||||||||||||ger||</controlfield><datafield tag="015" ind1=" " ind2=" "><subfield code="a">11,A09</subfield></datafield><datafield tag="016" ind1="7" ind2=" "><subfield code="a">1009200623</subfield><subfield code="2">DE-101</subfield></datafield><datafield tag="020" ind1=" " ind2=" "><subfield code="a">9783862470839</subfield><subfield code="9">978-3-86247-083-9</subfield><subfield code="c">kart. : EUR 23.90 (DE)</subfield></datafield><datafield tag="024" ind1="3" ind2=" "><subfield code="a">9783862470839</subfield></datafield><datafield tag="035" ind1=" " ind2=" "><subfield code="a">(DE-576)141125676X</subfield></datafield><datafield tag="041" ind1=" " ind2=" "><subfield code="a">ger</subfield></datafield><datafield tag="044" ind1=" " ind2=" "><subfield code="c">XA-DE-SH</subfield></datafield><datafield tag="245" ind1="1" ind2="0"><subfield code="a">Strategische Personalentwicklung im schulischen Kontext</subfield><subfield code="b">rahmengebendes Modell zur Personalentwicklung auf Ebene der unteren Schulaufsichtsbehörde</subfield><subfield code="c">Marc Milling</subfield></datafield><datafield tag="260" ind1="3" ind2=" "><subfield code="a">Tönning ; Lübeck ; Marburg</subfield><subfield code="b">Der Andere Verl.</subfield><subfield code="c">2010</subfield></datafield><datafield tag="300" ind1=" " ind2=" "><subfield code="a">XII, 109  Seiten</subfield><subfield code="b">graph. Darst.</subfield><subfield code="c">21 cm</subfield></datafield><datafield tag="490" ind1="1" ind2=" "><subfield code="a">Ludwigsburger Schriften zum Bildungsmanagement </subfield><subfield code="v">1</subfield></datafield><datafield tag="500" ind1=" " ind2=" "><subfield code="a">Literaturangaben</subfield></datafield><datafield tag="500" ind1=" " ind2=" "><subfield code="a">5090: ddsu/sred</subfield></datafield><datafield tag="650" ind1=" " ind2="7"><subfield code="a">Schulaufsicht</subfield><subfield code="0">(DE-Frei129)00021582</subfield><subfield code="0">(DE-588)4053449-2</subfield><subfield code="2">gnd</subfield></datafield><datafield tag="650" ind1=" " ind2="7"><subfield code="a">Personalentwicklung</subfield><subfield code="0">(DE-Frei129)00039138</subfield><subfield code="0">(DE-588)4121465-1</subfield><subfield code="2">gnd</subfield></datafield><datafield tag="689" ind1="0" ind2="0"><subfield code="0">(DE-588)4053449-2</subfield><subfield code="D">s</subfield><subfield code="a">Schulaufsicht </subfield></datafield><datafield tag="689" ind1="0" ind2="1"><subfield code="0">(DE-588)4121465-1</subfield><subfield code="D">s</subfield><subfield code="a">Personalentwicklung</subfield><subfield code="5">DE-101</subfield></datafield><datafield tag="700" ind1="1" ind2=" "><subfield code="0">(DE-588)14354876X</subfield><subfield code="0">(DE-Frei129)00600923</subfield><subfield code="a">Milling, Marc</subfield><subfield code="4">aut</subfield></datafield><datafield tag="830" ind1=" " ind2="0"><subfield code="a">Ludwigsburger Schriften zum Bildungsmanagement</subfield><subfield code="v">1</subfield><subfield code="w">(DE-Frei129)01265070</subfield><subfield code="9">11</subfield></datafield><datafield tag="852" ind1=" " ind2=" "><subfield code="a">Frei129</subfield><subfield code="c">Paed L 900: 154</subfield></datafield><datafield tag="856" ind1="4" ind2=" "><subfield code="8">00</subfield><subfield code="u">http://d-nb.info/1009200623/04</subfield><subfield code="y">Inhaltsverzeichnis</subfield></datafield><datafield tag="980" ind1="0" ind2=" "><subfield code="a">00218989</subfield><subfield code="9">(PHFR)</subfield><subfield code="b">EG-Anbau (32)</subfield><subfield code="c">Paed L 900: 154</subfield><subfield code="d">Standardleihe (01)</subfield><subfield code="e">Verfügbar (X)</subfield></datafield></record>