
<record><leader>03603nam a2200000uu 4500</leader><controlfield tag="001">03007205</controlfield><controlfield tag="003">DE-Frei129</controlfield><controlfield tag="005">20220811084025.0</controlfield><controlfield tag="007">tu</controlfield><controlfield tag="008">101206s2010    ||||||||||||||||||||ger||</controlfield><datafield tag="015" ind1=" " ind2=" "><subfield code="a">10,N45</subfield></datafield><datafield tag="016" ind1="7" ind2=" "><subfield code="a">1008089656</subfield><subfield code="2">DE-101</subfield></datafield><datafield tag="020" ind1=" " ind2=" "><subfield code="a">9783934575639</subfield><subfield code="9">9783934575639</subfield><subfield code="c">Kart. : EUR 26.80 (DE)</subfield></datafield><datafield tag="024" ind1="3" ind2=" "><subfield code="a">9783934575639</subfield></datafield><datafield tag="035" ind1=" " ind2=" "><subfield code="a">(DE-576)160677672X</subfield></datafield><datafield tag="041" ind1=" " ind2=" "><subfield code="a">ger</subfield></datafield><datafield tag="044" ind1=" " ind2=" "><subfield code="c">XA-DE-HE</subfield></datafield><datafield tag="245" ind1="1" ind2="0"><subfield code="a">Globales Lernen im Politikunterricht</subfield><subfield code="c">Klaus Moegling ... (Hrsg.)</subfield></datafield><datafield tag="260" ind1="3" ind2=" "><subfield code="a">Immenhausen</subfield><subfield code="b">Prolog-Verl.</subfield><subfield code="c">2010</subfield></datafield><datafield tag="300" ind1=" " ind2=" "><subfield code="a">239 Seiten</subfield><subfield code="b">Ill., graph. Darst.</subfield><subfield code="c">240 mm x 170 mm, 490 g</subfield></datafield><datafield tag="490" ind1="1" ind2=" "><subfield code="a">Erfahrungsorientierter Politikunterricht </subfield><subfield code="v">1</subfield></datafield><datafield tag="650" ind1=" " ind2="7"><subfield code="a">Globales Lernen</subfield><subfield code="0">(DE-Frei129)00108332</subfield><subfield code="0">(DE-588)4668206-5</subfield><subfield code="2">gnd</subfield></datafield><datafield tag="650" ind1=" " ind2="7"><subfield code="a">Politischer Unterricht</subfield><subfield code="0">(DE-Frei129)00022547</subfield><subfield code="0">(DE-588)4076231-2</subfield><subfield code="2">gnd</subfield></datafield><datafield tag="689" ind1="0" ind2="0"><subfield code="0">(DE-588)4668206-5</subfield><subfield code="D">s</subfield><subfield code="a">Globales Lernen </subfield></datafield><datafield tag="689" ind1="0" ind2="1"><subfield code="0">(DE-588)4076231-2</subfield><subfield code="D">s</subfield><subfield code="a">Politischer Unterricht</subfield><subfield code="5">DE-101</subfield></datafield><datafield tag="700" ind1="1" ind2=" "><subfield code="0">(DE-588)115629173</subfield><subfield code="0">(DE-Frei129)00037907</subfield><subfield code="a">Moegling, Klaus</subfield><subfield code="4">Hrsg.</subfield></datafield><datafield tag="830" ind1=" " ind2="0"><subfield code="a">Reihe: erfahrungsorientierter Politikunterricht</subfield><subfield code="v">1</subfield><subfield code="w">(DE-Frei129)03007206</subfield><subfield code="9">11</subfield></datafield><datafield tag="852" ind1=" " ind2=" "><subfield code="a">Frei 129</subfield><subfield code="b">PHFR</subfield><subfield code="c">MB 2568 M693 G5</subfield></datafield><datafield tag="980" ind1="0" ind2=" "><subfield code="a">00214318</subfield><subfield code="9">(PHFR)</subfield><subfield code="b">UG (33)</subfield><subfield code="c">Pol K 700: 189</subfield><subfield code="d">Standardleihe (01)</subfield><subfield code="e">ausgeliehen (A) - Fälligkeitsdatum: 04.07.2022</subfield></datafield></record>