
<record><leader>08020nam a2200000uu 4500</leader><controlfield tag="001">03007200</controlfield><controlfield tag="003">DE-Frei129</controlfield><controlfield tag="005">20220811084025.0</controlfield><controlfield tag="007">tu</controlfield><controlfield tag="008">101108s2010    ||||||||||||||||||||ger||</controlfield><datafield tag="015" ind1=" " ind2=" "><subfield code="a">11,A04</subfield></datafield><datafield tag="016" ind1="7" ind2=" "><subfield code="a">1007776560</subfield><subfield code="2">DE-101</subfield></datafield><datafield tag="020" ind1=" " ind2=" "><subfield code="a">9783830923985</subfield><subfield code="9">9783830923985</subfield><subfield code="c">kart. : EUR 34.90 (DE)</subfield></datafield><datafield tag="024" ind1="3" ind2=" "><subfield code="a">9783830923985</subfield></datafield><datafield tag="035" ind1=" " ind2=" "><subfield code="a">(DE-576)638616921</subfield></datafield><datafield tag="041" ind1=" " ind2=" "><subfield code="a">ger</subfield></datafield><datafield tag="044" ind1=" " ind2=" "><subfield code="c">XA-DE-NW</subfield><subfield code="c">XD-US</subfield></datafield><datafield tag="245" ind1="1" ind2="0"><subfield code="a">Auf den Spuren interpretativer Unterrichtsforschung in der Mathematikdidaktik</subfield><subfield code="b">Götz Krummheuer zum 60. Geburtstag</subfield><subfield code="c">Birgit Brandt; Marei Fetzer; Marcus Schütte (Hrsg.). [Autorinnen und Autoren: Tatjana Berlin ...]</subfield></datafield><datafield tag="260" ind1="3" ind2=" "><subfield code="a">Münster ; New York, NY ; München ; Berlin</subfield><subfield code="b">Waxmann</subfield><subfield code="c">2010</subfield></datafield><datafield tag="300" ind1=" " ind2=" "><subfield code="a">328 Seiten</subfield><subfield code="b">Ill., graph. Darst.</subfield><subfield code="c">21 cm</subfield></datafield><datafield tag="490" ind1="1" ind2=" "><subfield code="a">Empirische Studien zur Didaktik der Mathematik </subfield><subfield code="v">Bd. 5</subfield></datafield><datafield tag="500" ind1=" " ind2=" "><subfield code="a">Bibliogr. G. Krummheuer S. [319] - 325</subfield></datafield><datafield tag="500" ind1=" " ind2=" "><subfield code="a">Literaturangaben</subfield></datafield><datafield tag="500" ind1=" " ind2=" "><subfield code="a">IMD-Felder maschinell generiert (GBV)</subfield></datafield><datafield tag="600" ind1="1" ind2="7"><subfield code="0">(DE-Frei129)00031238</subfield><subfield code="0">(DE-588)123600723</subfield><subfield code="a">Krummheuer, Götz</subfield><subfield code="2">gnd</subfield></datafield><datafield tag="650" ind1=" " ind2="7"><subfield code="a">Mathematikunterricht</subfield><subfield code="0">(DE-Frei129)00016130</subfield><subfield code="0">(DE-588)4037949-8</subfield><subfield code="2">gnd</subfield></datafield><datafield tag="650" ind1=" " ind2="7"><subfield code="a">Argumentationsanalyse</subfield><subfield code="0">(DE-Frei129)02533863</subfield><subfield code="2">local</subfield></datafield><datafield tag="650" ind1=" " ind2="7"><subfield code="a">Empirische Bildungsforschung</subfield><subfield code="0">(DE-Frei129)02019999</subfield><subfield code="2">local</subfield></datafield><datafield tag="650" ind1=" " ind2="7"><subfield code="a">Interaktionsanalyse</subfield><subfield code="0">(DE-Frei129)00726866</subfield><subfield code="2">local</subfield></datafield><datafield tag="650" ind1=" " ind2="7"><subfield code="a">Paperback</subfield><subfield code="x">softback</subfield><subfield code="0">(DE-Frei129)02516355</subfield><subfield code="2">local</subfield></datafield><datafield tag="689" ind1="0" ind2="0"><subfield code="0">(DE-588)4037949-8</subfield><subfield code="D">s</subfield><subfield code="a">Mathematikunterricht</subfield><subfield code="5">DE-101</subfield></datafield><datafield tag="689" ind1="1" ind2="0"><subfield code="0">(DE-588)123600723</subfield><subfield code="D">p</subfield><subfield code="a">Krummheuer, Götz</subfield><subfield code="5">DE-101</subfield></datafield><datafield tag="689" ind1="2" ind2="0"><subfield code="A">s</subfield><subfield code="a">Argumentationsanalyse</subfield><subfield code="5">DE-101</subfield></datafield><datafield tag="689" ind1="3" ind2="0"><subfield code="A">s</subfield><subfield code="a">Empirische Bildungsforschung</subfield><subfield code="5">DE-101</subfield></datafield><datafield tag="689" ind1="4" ind2="0"><subfield code="A">s</subfield><subfield code="a">Interaktionsanalyse</subfield><subfield code="5">DE-101</subfield></datafield><datafield tag="689" ind1="5" ind2="0"><subfield code="A">s</subfield><subfield code="a">Paperback / softback</subfield><subfield code="5">DE-101</subfield></datafield><datafield tag="700" ind1="1" ind2=" "><subfield code="0">(DE-588)128674245</subfield><subfield code="0">(DE-Frei129)00104919</subfield><subfield code="a">Brandt, Birgit</subfield><subfield code="4">oth</subfield></datafield><datafield tag="700" ind1="1" ind2=" "><subfield code="0">(DE-588)123600723</subfield><subfield code="0">(DE-Frei129)00031238</subfield><subfield code="a">Krummheuer, Götz</subfield><subfield code="4">hnr</subfield></datafield><datafield tag="700" ind1="1" ind2=" "><subfield code="0">(DE-588)129453129</subfield><subfield code="0">(DE-Frei129)00166194</subfield><subfield code="a">Fetzer, Marei</subfield><subfield code="4">Hrsg.</subfield></datafield><datafield tag="700" ind1="1" ind2=" "><subfield code="0">(DE-588)138624003</subfield><subfield code="0">(DE-Frei129)00170129</subfield><subfield code="a">Schütte, Marcus</subfield><subfield code="4">Hrsg.</subfield></datafield><datafield tag="700" ind1="1" ind2=" "><subfield code="0">(DE-Frei129)58133782</subfield><subfield code="a">Berlin, Tatjana</subfield><subfield code="4">oth</subfield></datafield><datafield tag="776" ind1="0" ind2="8"><subfield code="a">Birgit Brandt ; Marei Fetzer Herausgeber/in ; Marcus Schütte Herausgeber/in ; Götz Krummheuer Gefeierte/r</subfield><subfield code="i">Erscheint auch als Online-Ausgabe</subfield><subfield code="t">Auf den Spuren Interpretativer Unterrichtsforschung in der Mathematikdidaktik. Götz Krummheuer zum 60. Geburtstag</subfield><subfield code="w">(DE-Frei129)03174935</subfield><subfield code="w">(DE-576)1654885614</subfield></datafield><datafield tag="830" ind1=" " ind2="0"><subfield code="a">Empirische Studien zur Didaktik der Mathematik</subfield><subfield code="v">Bd. 5</subfield><subfield code="w">(DE-Frei129)00317334</subfield><subfield code="9">15</subfield></datafield><datafield tag="852" ind1=" " ind2=" "><subfield code="a">Frei129</subfield><subfield code="c">Math N 30: 20</subfield></datafield><datafield tag="856" ind1="4" ind2=" "><subfield code="8">00</subfield><subfield code="u">http://d-nb.info/1007776560/04</subfield><subfield code="y">Kurzbeschreibung des Verlags</subfield></datafield><datafield tag="856" ind1="4" ind2=" "><subfield code="8">01</subfield><subfield code="u">http://deposit.d-nb.de/cgi-bin/dokserv?id=3551953&amp;prov=M&amp;dok_var=1&amp;dok_ext=htm</subfield><subfield code="y">Verlagsinformation</subfield></datafield><datafield tag="856" ind1="4" ind2=" "><subfield code="8">02</subfield><subfield code="u">https://www.gbv.de/dms/goettingen/638616921.pdf</subfield><subfield code="y">Inhaltsverzeichnis</subfield></datafield><datafield tag="856" ind1="4" ind2=" "><subfield code="8">03</subfield><subfield code="u">https://zbmath.org/?q=an:1201.00009</subfield><subfield code="y">Inhaltstext</subfield></datafield><datafield tag="856" ind1="4" ind2=" "><subfield code="8">04</subfield><subfield code="u">http://d-nb.info/1007776560/04</subfield><subfield code="y">Verlagsinformation</subfield></datafield><datafield tag="980" ind1="0" ind2=" "><subfield code="a">00217723</subfield><subfield code="9">(PHFR)</subfield><subfield code="b">UG (33)</subfield><subfield code="c">Math N 30: 20</subfield><subfield code="d">Standardleihe (01)</subfield><subfield code="e">ausgeliehen (A) - Fälligkeitsdatum: 29.08.2022</subfield></datafield></record>