
<record><leader>02194nam a2200000uuc4500</leader><controlfield tag="001">03007068</controlfield><controlfield tag="003">DE-Frei129</controlfield><controlfield tag="005">20220811084025.0</controlfield><controlfield tag="007">tu</controlfield><controlfield tag="008">110211s2010    ||||||||||||||||||||ger||</controlfield><datafield tag="020" ind1=" " ind2=" "><subfield code="a">9783834433558</subfield><subfield code="9">9783834433558</subfield></datafield><datafield tag="035" ind1=" " ind2=" "><subfield code="a">(DE-576)1407338803</subfield></datafield><datafield tag="041" ind1=" " ind2=" "><subfield code="a">ger</subfield></datafield><datafield tag="245" ind1="1" ind2="0"><subfield code="a">Sinnentnehmendes Lesen üben</subfield><subfield code="b">Lesekompetenz von Anfang an; sonderpädagogische Förderung</subfield><subfield code="n">Wortebene</subfield><subfield code="p">Wortebene / Katrin Wemmer</subfield><subfield code="c">Katrin Wemmer</subfield></datafield><datafield tag="250" ind1=" " ind2=" "><subfield code="a">2. Aufl.</subfield></datafield><datafield tag="260" ind1="3" ind2=" "><subfield code="a">Buxtehude</subfield><subfield code="b">Persen</subfield><subfield code="c">2010</subfield></datafield><datafield tag="300" ind1=" " ind2=" "><subfield code="a">112  Seiten</subfield><subfield code="b">Ill.</subfield></datafield><datafield tag="700" ind1="1" ind2=" "><subfield code="0">(DE-588)1065348169</subfield><subfield code="0">(DE-Frei129)00153613</subfield><subfield code="a">Wemmer, Katrin</subfield><subfield code="4">aut</subfield></datafield><datafield tag="773" ind1="0" ind2="8"><subfield code="w">(DE-Frei129)00843432</subfield><subfield code="q">W12</subfield></datafield><datafield tag="852" ind1=" " ind2=" "><subfield code="a">Frei 129</subfield><subfield code="b">PHFR</subfield><subfield code="c">GB 2984 W466 -2(2)</subfield></datafield><datafield tag="980" ind1="0" ind2=" "><subfield code="a">00232946</subfield><subfield code="9">(PHFR)</subfield><subfield code="b">2.OG (35)</subfield><subfield code="c">GB 2984 W466 -2(2)</subfield><subfield code="d">Standardleihe (01)</subfield><subfield code="e">Verfügbar (X)</subfield></datafield></record>