
<record><leader>05321nam a2200000uu 4500</leader><controlfield tag="001">03007023</controlfield><controlfield tag="003">DE-Frei129</controlfield><controlfield tag="005">20220811084025.0</controlfield><controlfield tag="007">tu</controlfield><controlfield tag="008">100908s2010    ||||||||||||||||||||ger||</controlfield><datafield tag="015" ind1=" " ind2=" "><subfield code="a">10,N36</subfield></datafield><datafield tag="016" ind1="7" ind2=" "><subfield code="a">1006360514</subfield><subfield code="2">DE-101</subfield></datafield><datafield tag="020" ind1=" " ind2=" "><subfield code="a">9783801721480</subfield><subfield code="9">9783801721480</subfield><subfield code="c">KART. : EUR 12.95, sfr 19.40 (freier Pr.)</subfield></datafield><datafield tag="024" ind1="3" ind2=" "><subfield code="a">9783801721480</subfield></datafield><datafield tag="035" ind1=" " ind2=" "><subfield code="a">(DE-576)634752766</subfield></datafield><datafield tag="041" ind1=" " ind2=" "><subfield code="a">ger</subfield></datafield><datafield tag="044" ind1=" " ind2=" "><subfield code="c">XA-DE-NI</subfield></datafield><datafield tag="100" ind1="1" ind2=" "><subfield code="a">Fliegel, Steffen</subfield><subfield code="0">(DE-Frei129)00015606</subfield><subfield code="0">(DE-588)109260651</subfield></datafield><datafield tag="245" ind1="1" ind2="0"><subfield code="a">Was jeder Mann über Sexualität und sexuelle Probleme wissen will</subfield><subfield code="b">ein Ratgeber für Männer und ihre Partnerinnen</subfield><subfield code="c">von Steffen Fliegel und Andreas Veith</subfield></datafield><datafield tag="260" ind1="3" ind2=" "><subfield code="a">Göttingen ; Bern ; Wien [u.a.]</subfield><subfield code="b">Huber, Hans</subfield><subfield code="c">2010</subfield></datafield><datafield tag="300" ind1=" " ind2=" "><subfield code="a">89 Seiten</subfield><subfield code="b">Ill., graph. Darst.</subfield><subfield code="c">210 mm x 148 mm</subfield></datafield><datafield tag="490" ind1="1" ind2=" "><subfield code="a">Ratgeber zur Reihe Fortschritte der Psychotherapie </subfield><subfield code="v">22</subfield></datafield><datafield tag="500" ind1=" " ind2=" "><subfield code="a">Literatur- und URL-Verz. S. 88 - 89</subfield></datafield><datafield tag="500" ind1=" " ind2=" "><subfield code="a">IMD-Felder maschinell generiert (GBV)</subfield></datafield><datafield tag="520" ind1=" " ind2=" "><subfield code="a">Komprimierter Überblick über das Spektrum der Beeinträchtigungen und Störungen der Sexualität beim Mann und deren Bewältigung durch professionelle Intervention und/oder Selbsthilfe</subfield></datafield><datafield tag="650" ind1=" " ind2="7"><subfield code="a">Mann</subfield><subfield code="0">(DE-Frei129)00015958</subfield><subfield code="0">(DE-588)4037363-0</subfield><subfield code="2">gnd</subfield></datafield><datafield tag="650" ind1=" " ind2="7"><subfield code="a">Sexualstörung</subfield><subfield code="0">(DE-Frei129)00022094</subfield><subfield code="0">(DE-588)4054688-3</subfield><subfield code="2">gnd</subfield></datafield><datafield tag="689" ind1="0" ind2="0"><subfield code="0">(DE-588)4037363-0</subfield><subfield code="D">s</subfield><subfield code="a">Mann </subfield></datafield><datafield tag="689" ind1="0" ind2="1"><subfield code="0">(DE-588)4054688-3</subfield><subfield code="D">s</subfield><subfield code="a">Sexualstörung</subfield><subfield code="5">DE-101</subfield></datafield><datafield tag="700" ind1="1" ind2=" "><subfield code="0">(DE-588)115561218</subfield><subfield code="0">(DE-Frei129)03000756</subfield><subfield code="a">Veith, Andreas</subfield><subfield code="4">aut</subfield></datafield><datafield tag="830" ind1=" " ind2="0"><subfield code="a">Ratgeber zur Reihe Fortschritte der Psychotherapie</subfield><subfield code="v">22</subfield><subfield code="w">(DE-Frei129)00260876</subfield><subfield code="9">222</subfield></datafield><datafield tag="852" ind1=" " ind2=" "><subfield code="a">Frei 129</subfield><subfield code="b">PHFR</subfield><subfield code="c">Psy K 760: 15</subfield></datafield><datafield tag="856" ind1="4" ind2=" "><subfield code="8">00</subfield><subfield code="u">http://external.dandelon.com/download/attachments/dandelon/ids/AT00154983B0C8AFE895DC1257D2D0030B4D8.pdf</subfield><subfield code="y">Inhaltsverzeichnis</subfield></datafield><datafield tag="856" ind1="4" ind2=" "><subfield code="8">01</subfield><subfield code="u">https://external.dandelon.com/download/attachments/dandelon/ids/AT00154983B0C8AFE895DC1257D2D0030B4D8.pdf</subfield><subfield code="y">Verlagsinformation</subfield></datafield><datafield tag="856" ind1="4" ind2=" "><subfield code="8">02</subfield><subfield code="u">http://d-nb.info/1006360514/04</subfield><subfield code="y">Inhaltsverzeichnis</subfield></datafield><datafield tag="856" ind1="4" ind2=" "><subfield code="8">03</subfield><subfield code="u">http://d-nb.info/1006360514/04</subfield><subfield code="y">Verlagsinformation</subfield></datafield><datafield tag="980" ind1="0" ind2=" "><subfield code="a">00415020</subfield><subfield code="9">(PHFR)</subfield><subfield code="b">1. OG Semesterapparat (40)</subfield><subfield code="c">Psy K 760: 15</subfield><subfield code="d">Präsenzbestand II (51)</subfield><subfield code="e">Verfügbar (X)</subfield></datafield></record>