
<record><leader>06354nam a2200000uu 4500</leader><controlfield tag="001">03007003</controlfield><controlfield tag="003">DE-Frei129</controlfield><controlfield tag="005">20220811084025.0</controlfield><controlfield tag="007">tu</controlfield><controlfield tag="008">100602s2010    ||||||||||||||||||||ger||</controlfield><datafield tag="015" ind1=" " ind2=" "><subfield code="a">10,N22</subfield></datafield><datafield tag="016" ind1="7" ind2=" "><subfield code="a">1002961025</subfield><subfield code="2">DE-101</subfield></datafield><datafield tag="020" ind1=" " ind2=" "><subfield code="a">9783834607249</subfield><subfield code="9">9783834607249</subfield><subfield code="c">PB. : EUR 24.80, EUR 25.50 (AT), sfr 43.40 (freier Pr.)</subfield></datafield><datafield tag="024" ind1="3" ind2=" "><subfield code="a">9783834607249</subfield></datafield><datafield tag="035" ind1=" " ind2=" "><subfield code="a">(DE-576)627267327</subfield></datafield><datafield tag="041" ind1=" " ind2=" "><subfield code="a">ger</subfield></datafield><datafield tag="044" ind1=" " ind2=" "><subfield code="c">XA-DE-NW</subfield></datafield><datafield tag="100" ind1="1" ind2=" "><subfield code="a">Lindner, Ulrike</subfield><subfield code="0">(DE-Frei129)58093029</subfield><subfield code="0">(DE-588)129552372</subfield></datafield><datafield tag="245" ind1="1" ind2="0"><subfield code="a">Elternabend in Kita und Krippe mal anders!</subfield><subfield code="b">Einfach vorbereiten - professionell durchführen - lebendig gestalten</subfield><subfield code="c">Ulrike Lindner</subfield></datafield><datafield tag="250" ind1=" " ind2=" "><subfield code="a">1. Aufl.</subfield></datafield><datafield tag="260" ind1="3" ind2=" "><subfield code="a">Mülheim an der Ruhr</subfield><subfield code="b">Verl. an der Ruhr</subfield><subfield code="c">2010</subfield></datafield><datafield tag="300" ind1=" " ind2=" "><subfield code="a">119 Seiten</subfield><subfield code="b">Zubehör: CD- ROM mit Vorlagen</subfield><subfield code="c">297 mm x 210 mm</subfield><subfield code="e">1 CD-ROM</subfield></datafield><datafield tag="500" ind1=" " ind2=" "><subfield code="a">IMD-Felder maschinell generiert (GBV)</subfield></datafield><datafield tag="500" ind1=" " ind2=" "><subfield code="a">Standing Order Pädagogik groß</subfield></datafield><datafield tag="520" ind1=" " ind2=" "><subfield code="a">Detaillierte und für Pädagogen geeignete Anleitung zu Vorbereitung, Durchführung und Nachbereitung von Elternabenden, die auf den heute üblichen Moderationstechniken basiert. Mit zahlreichen Checklisten, Fragebögen und Kopiervorlagen im Buch und auf der beigefügten CD-ROM. (Marlies Hegel)</subfield></datafield><datafield tag="520" ind1=" " ind2=" "><subfield code="a">Mit diesem Band möchte die Kommunikationsberaterin Mut machen, die in Unternehmen üblichen Vortrags- und Besprechungsmethoden, wie Brainstorming, Flipchart oder PPP, in Elternabenden anzuwenden. Sie behandelt ausführlich die Vorbereitung, Durchführung und Nachbereitung des Abends und schließt die Formulierung von Zielen, das Verfassen von Einladungen, die Gestaltung der Räume, multikulturelle Elternabende sowie die Besprechung der einzelnen Phasen des Elternabends und Praxisbeispiele ein. Beeindruckend ist, wie detailliert und umfassend die Autorin die Inhalte aufbereitet, die Erzieher/-innen auf alle Eventualitäten vorbereitet und zudem Methodentraining zum Schreiben auf dem Flipchart, Präsentationen mit Microsoft und PP oder Tricks gegen Nervosität beim Vortragen u.Ä. einbindet. Fotos, lustige Cartoons und Merkzettel lockern den optisch exzellent aufbereiteten Band auf. Zahlreiche Checklisten, Fragebögen und Kopiervorlagen finden sich im Buch, aber auch auf der CD-ROM. Wegen der herausragenden Qualität des Bandes für alle Pädagogen breiteste Empfehlung. Keine aktuellen Vergleichstitel bekannt. (1 S) (Marlies Hegel)</subfield></datafield><datafield tag="650" ind1=" " ind2="7"><subfield code="a">Kindertagesstätte</subfield><subfield code="0">(DE-Frei129)00011424</subfield><subfield code="0">(DE-588)4030638-0</subfield><subfield code="2">gnd</subfield></datafield><datafield tag="650" ind1=" " ind2="7"><subfield code="a">Elternabend</subfield><subfield code="0">(DE-Frei129)00056234</subfield><subfield code="0">(DE-588)4152046-4</subfield><subfield code="2">gnd</subfield></datafield><datafield tag="689" ind1="0" ind2="0"><subfield code="0">(DE-588)4030638-0</subfield><subfield code="D">s</subfield><subfield code="a">Kindertagesstätte </subfield></datafield><datafield tag="689" ind1="0" ind2="1"><subfield code="0">(DE-588)4152046-4</subfield><subfield code="D">s</subfield><subfield code="a">Elternabend</subfield><subfield code="5">DE-101</subfield></datafield><datafield tag="852" ind1=" " ind2=" "><subfield code="a">Frei 129</subfield><subfield code="b">PHFR</subfield><subfield code="c">Paed G 960: 33</subfield></datafield><datafield tag="856" ind1="4" ind2=" "><subfield code="8">00</subfield><subfield code="u">http://deposit.d-nb.de/cgi-bin/dokserv?id=3484347&amp;prov=M&amp;dok_var=1&amp;dok_ext=htm</subfield><subfield code="y">Inhaltstext</subfield></datafield><datafield tag="856" ind1="4" ind2=" "><subfield code="8">01</subfield><subfield code="u">http://d-nb.info/1002961025/04</subfield><subfield code="y">Verlagsinformation</subfield></datafield><datafield tag="856" ind1="4" ind2=" "><subfield code="8">02</subfield><subfield code="u">http://deposit.d-nb.de/cgi-bin/dokserv?id=3484347&amp;prov=M&amp;dokvar=1&amp;dokext=htm</subfield><subfield code="y">Inhaltstext</subfield></datafield><datafield tag="856" ind1="4" ind2=" "><subfield code="8">03</subfield><subfield code="u">http://deposit.d-nb.de/cgi-bin/dokserv?id=3484347&amp;prov=M&amp;dok_var=1&amp;dok_ext=htm</subfield><subfield code="y">Verlagsinformation</subfield></datafield><datafield tag="856" ind1="4" ind2=" "><subfield code="8">04</subfield><subfield code="u">http://d-nb.info/1002961025/04</subfield><subfield code="y">Inhaltsverzeichnis</subfield></datafield><datafield tag="980" ind1="0" ind2=" "><subfield code="a">00214733</subfield><subfield code="9">(PHFR)</subfield><subfield code="b">EG-Anbau (32)</subfield><subfield code="c">Paed G 960: 33</subfield><subfield code="d">Standardleihe (01)</subfield><subfield code="e">Verfügbar (X)</subfield></datafield></record>