
<record><leader>04634nam a2200000uu 4500</leader><controlfield tag="001">03006942</controlfield><controlfield tag="003">DE-Frei129</controlfield><controlfield tag="005">20220811084026.0</controlfield><controlfield tag="007">tu</controlfield><controlfield tag="008">101021s2010    ||||||||||||||||||||ger||</controlfield><datafield tag="015" ind1=" " ind2=" "><subfield code="a">10,N32</subfield></datafield><datafield tag="016" ind1="7" ind2=" "><subfield code="a">1005305358</subfield><subfield code="2">DE-101</subfield></datafield><datafield tag="020" ind1=" " ind2=" "><subfield code="a">9783871017179</subfield><subfield code="9">978-3-87101-717-9</subfield><subfield code="c">spiralgeh.: EUR 12.80</subfield></datafield><datafield tag="024" ind1="3" ind2=" "><subfield code="a">9783871017179</subfield></datafield><datafield tag="035" ind1=" " ind2=" "><subfield code="a">(DE-576)632835133</subfield></datafield><datafield tag="041" ind1=" " ind2=" "><subfield code="a">ger</subfield></datafield><datafield tag="044" ind1=" " ind2=" "><subfield code="c">XA-DE-BY</subfield></datafield><datafield tag="100" ind1="1" ind2=" "><subfield code="a">Zöller, Arnulf</subfield><subfield code="0">(DE-Frei129)00130030</subfield></datafield><datafield tag="245" ind1="1" ind2="0"><subfield code="a">Praxishandbuch JoA</subfield><subfield code="b">ein Ergebnis des Modellversuchs &quot;Jugendliche ohne Ausbildungsplatz - Unterrichts-, Personal- und Organisationsentwicklung zur individuellen Förderung (JoA)&quot;</subfield><subfield code="c">[Hrsg.: Staatsinstitut für Schulqualität und Bildungsforschung]. Verantwortliche: Arnuf Zöller ...</subfield></datafield><datafield tag="250" ind1=" " ind2=" "><subfield code="a">1. Aufl.</subfield></datafield><datafield tag="260" ind1="3" ind2=" "><subfield code="a">Augsburg</subfield><subfield code="b">Brigg</subfield><subfield code="c">2010</subfield></datafield><datafield tag="300" ind1=" " ind2=" "><subfield code="a">76  Seiten</subfield><subfield code="b">Ill., graph. Darst.</subfield><subfield code="c">297 mm x 210 mm</subfield></datafield><datafield tag="500" ind1=" " ind2=" "><subfield code="a">5090: ddsu/sred</subfield></datafield><datafield tag="650" ind1=" " ind2="7"><subfield code="a">Jugendlicher Arbeitsloser</subfield><subfield code="0">(DE-Frei129)00012699</subfield><subfield code="0">(DE-588)4140756-8</subfield><subfield code="2">gnd</subfield></datafield><datafield tag="650" ind1=" " ind2="7"><subfield code="a">Berufsvorbereitende Maßnahme</subfield><subfield code="0">(DE-Frei129)00078405</subfield><subfield code="0">(DE-588)4231151-2</subfield><subfield code="2">gnd</subfield></datafield><datafield tag="650" ind1=" " ind2="7"><subfield code="a">Bildungsförderung</subfield><subfield code="0">(DE-Frei129)00099977</subfield><subfield code="0">(DE-588)4441296-4</subfield><subfield code="2">gnd</subfield></datafield><datafield tag="689" ind1="0" ind2="0"><subfield code="0">(DE-588)4140756-8</subfield><subfield code="D">s</subfield><subfield code="a">Jugendlicher Arbeitsloser </subfield></datafield><datafield tag="689" ind1="0" ind2="1"><subfield code="0">(DE-588)4231151-2</subfield><subfield code="D">s</subfield><subfield code="a">Berufsvorbereitende Maßnahme </subfield></datafield><datafield tag="689" ind1="0" ind2="2"><subfield code="0">(DE-588)4441296-4</subfield><subfield code="D">s</subfield><subfield code="a">Bildungsförderung</subfield><subfield code="5">DE-101</subfield></datafield><datafield tag="710" ind1="2" ind2=" "><subfield code="0">(DE-Frei129)00008881</subfield><subfield code="0">(DE-588)10074372-9</subfield><subfield code="a">Staatsinstitut für Schulqualität und Bildungsforschung</subfield><subfield code="4">oth</subfield></datafield><datafield tag="852" ind1=" " ind2=" "><subfield code="a">Frei129</subfield><subfield code="c">Paed O 150: 199</subfield></datafield><datafield tag="856" ind1="4" ind2=" "><subfield code="8">00</subfield><subfield code="u">http://deposit.d-nb.de/cgi-bin/dokserv?id=3519497&amp;prov=M&amp;dok_var=1&amp;dok_ext=htm</subfield><subfield code="y">Inhaltstext</subfield></datafield><datafield tag="856" ind1="4" ind2=" "><subfield code="8">01</subfield><subfield code="u">http://d-nb.info/1005305358/04</subfield><subfield code="y">Inhaltsverzeichnis</subfield></datafield><datafield tag="980" ind1="0" ind2=" "><subfield code="a">00214356</subfield><subfield code="9">(PHFR)</subfield><subfield code="b">EG-Anbau (32)</subfield><subfield code="c">Paed O 150: 199</subfield><subfield code="d">Standardleihe (01)</subfield><subfield code="e">Verfügbar (X)</subfield></datafield></record>