
<record><leader>04953nam a2200000uu 4500</leader><controlfield tag="001">03006687</controlfield><controlfield tag="003">DE-Frei129</controlfield><controlfield tag="005">20220811084026.0</controlfield><controlfield tag="007">tu</controlfield><controlfield tag="008">100602s2010    ||||||||||||||||||||ger||</controlfield><datafield tag="015" ind1=" " ind2=" "><subfield code="a">10,A51</subfield></datafield><datafield tag="016" ind1="7" ind2=" "><subfield code="a">1003005055</subfield><subfield code="2">DE-101</subfield></datafield><datafield tag="020" ind1=" " ind2=" "><subfield code="a">9783834607195</subfield><subfield code="9">9783834607195</subfield><subfield code="c">kart. : EUR 19.80 (DE), EUR 20.35 (AT), sfr 34.70 (freier Pr.)</subfield></datafield><datafield tag="024" ind1="3" ind2=" "><subfield code="a">9783834607195</subfield></datafield><datafield tag="035" ind1=" " ind2=" "><subfield code="a">(DE-576)627271944</subfield></datafield><datafield tag="041" ind1=" " ind2=" "><subfield code="a">ger</subfield></datafield><datafield tag="044" ind1=" " ind2=" "><subfield code="c">XA-DE-NW</subfield></datafield><datafield tag="100" ind1="1" ind2=" "><subfield code="a">Klein, Angela</subfield><subfield code="0">(DE-Frei129)01199010</subfield><subfield code="0">(DE-588)1051485770</subfield></datafield><datafield tag="245" ind1="1" ind2="0"><subfield code="a">Nichts wie raus auf die Streuobst-Wiese!</subfield><subfield code="b">Naturerlebnis-Ideen zum Wahrnehmen, Forschen, Beobachten und Bewegen [für 4 bis 8 Jahre]</subfield><subfield code="c">Angela Klein</subfield></datafield><datafield tag="250" ind1=" " ind2=" "><subfield code="a">1., Aufl.</subfield></datafield><datafield tag="260" ind1="3" ind2=" "><subfield code="a">Mülheim an der Ruhr</subfield><subfield code="b">Verlag an der Ruhr</subfield><subfield code="c">2010</subfield></datafield><datafield tag="300" ind1=" " ind2=" "><subfield code="a">96 Seiten</subfield><subfield code="b">zahlr. Ill</subfield><subfield code="c">297 mm x 210 mm</subfield></datafield><datafield tag="500" ind1=" " ind2=" "><subfield code="a">Literaturangaben</subfield></datafield><datafield tag="500" ind1=" " ind2=" "><subfield code="a">IMD-Felder maschinell generiert (GBV)</subfield></datafield><datafield tag="650" ind1=" " ind2="7"><subfield code="a">Streuobstwiese</subfield><subfield code="0">(DE-Frei129)00090424</subfield><subfield code="0">(DE-588)4317286-6</subfield><subfield code="2">gnd</subfield></datafield><datafield tag="650" ind1=" " ind2="7"><subfield code="a">Projektunterricht</subfield><subfield code="0">(DE-Frei129)00019670</subfield><subfield code="0">(DE-588)4047445-8</subfield><subfield code="2">gnd</subfield></datafield><datafield tag="650" ind1=" " ind2="7"><subfield code="a">Vorschulerziehung</subfield><subfield code="0">(DE-Frei129)00025677</subfield><subfield code="0">(DE-588)4064016-4</subfield><subfield code="2">gnd</subfield></datafield><datafield tag="650" ind1=" " ind2="7"><subfield code="a">Grundschule</subfield><subfield code="0">(DE-Frei129)00010240</subfield><subfield code="0">(DE-588)4022349-8</subfield><subfield code="2">gnd</subfield></datafield><datafield tag="689" ind1="0" ind2="0"><subfield code="0">(DE-588)4317286-6</subfield><subfield code="D">s</subfield><subfield code="a">Streuobstwiese </subfield></datafield><datafield tag="689" ind1="0" ind2="1"><subfield code="0">(DE-588)4047445-8</subfield><subfield code="D">s</subfield><subfield code="a">Projektunterricht </subfield></datafield><datafield tag="689" ind1="0" ind2="2"><subfield code="0">(DE-588)4064016-4</subfield><subfield code="D">s</subfield><subfield code="a">Vorschulerziehung </subfield></datafield><datafield tag="689" ind1="0" ind2="3"><subfield code="0">(DE-588)4022349-8</subfield><subfield code="D">s</subfield><subfield code="a">Grundschule</subfield><subfield code="5">DE-101</subfield></datafield><datafield tag="700" ind1="1" ind2=" "><subfield code="0">(DE-Frei129)03000673</subfield><subfield code="a">Maibaum, Svenja</subfield><subfield code="4">oth</subfield></datafield><datafield tag="852" ind1=" " ind2=" "><subfield code="a">Frei129</subfield><subfield code="c">Bio C 800: 55</subfield></datafield><datafield tag="856" ind1="4" ind2=" "><subfield code="8">00</subfield><subfield code="u">http://deposit.d-nb.de/cgi-bin/dokserv?id=3484661&amp;prov=M&amp;dok_var=1&amp;dok_ext=htm</subfield><subfield code="y">Inhaltstext</subfield></datafield><datafield tag="856" ind1="4" ind2=" "><subfield code="8">01</subfield><subfield code="u">http://d-nb.info/1003005055/04</subfield><subfield code="y">Verlagsinformation</subfield></datafield><datafield tag="980" ind1="0" ind2=" "><subfield code="a">00214871</subfield><subfield code="9">(PHFR)</subfield><subfield code="b">UG (33)</subfield><subfield code="c">Bio C 800: 55</subfield><subfield code="d">Standardleihe (01)</subfield><subfield code="e">Verfügbar (X)</subfield></datafield></record>