
<record><leader>05640nam a2200000uu 4500</leader><controlfield tag="001">03006632</controlfield><controlfield tag="003">DE-Frei129</controlfield><controlfield tag="005">20220811084026.0</controlfield><controlfield tag="007">tu</controlfield><controlfield tag="008">101119s2010    ||||||||||||||||||||ger||</controlfield><datafield tag="015" ind1=" " ind2=" "><subfield code="a">10,A50</subfield></datafield><datafield tag="016" ind1="7" ind2=" "><subfield code="a">1008288861</subfield><subfield code="2">DE-101</subfield></datafield><datafield tag="020" ind1=" " ind2=" "><subfield code="a">9783899138047</subfield><subfield code="9">9783899138047</subfield><subfield code="c">kart. : EUR 24.00 (DE)</subfield></datafield><datafield tag="024" ind1="3" ind2=" "><subfield code="a">9783899138047</subfield></datafield><datafield tag="035" ind1=" " ind2=" "><subfield code="a">(DE-576)640202799</subfield></datafield><datafield tag="041" ind1=" " ind2=" "><subfield code="a">ger</subfield></datafield><datafield tag="044" ind1=" " ind2=" "><subfield code="c">XA-DE-BY</subfield></datafield><datafield tag="245" ind1="1" ind2="0"><subfield code="a">Ästhetik und Bildung</subfield><subfield code="c">Birgitta Fuchs ... (Hrsg.)</subfield></datafield><datafield tag="260" ind1="3" ind2=" "><subfield code="a">Würzburg</subfield><subfield code="b">Ergon-Verl.</subfield><subfield code="c">2010</subfield></datafield><datafield tag="300" ind1=" " ind2=" "><subfield code="a">173 Seiten</subfield><subfield code="b">Ill.</subfield><subfield code="c">23 cm</subfield></datafield><datafield tag="490" ind1="1" ind2=" "><subfield code="a">Systematische Pädagogik </subfield><subfield code="v">Bd. 11</subfield></datafield><datafield tag="500" ind1=" " ind2=" "><subfield code="a">Konferenzschrift, 2006</subfield></datafield><datafield tag="500" ind1=" " ind2=" "><subfield code="a">Banz</subfield></datafield><datafield tag="500" ind1=" " ind2=" "><subfield code="a">Literaturangaben</subfield></datafield><datafield tag="500" ind1=" " ind2=" "><subfield code="a">IMD-Felder maschinell generiert (GBV)</subfield></datafield><datafield tag="650" ind1=" " ind2="7"><subfield code="a">Ästhetische Erziehung</subfield><subfield code="0">(DE-Frei129)00000772</subfield><subfield code="0">(DE-588)4000628-1</subfield><subfield code="2">gnd</subfield></datafield><datafield tag="650" ind1=" " ind2="7"><subfield code="a">Erziehungsphilosophie</subfield><subfield code="0">(DE-Frei129)00028596</subfield><subfield code="0">(DE-588)4070955-3</subfield><subfield code="2">gnd</subfield></datafield><datafield tag="650" ind1=" " ind2="7"><subfield code="a">Sittliche Erziehung</subfield><subfield code="0">(DE-Frei129)00007384</subfield><subfield code="0">(DE-588)4055179-9</subfield><subfield code="2">gnd</subfield></datafield><datafield tag="650" ind1=" " ind2="7"><subfield code="a">Paperback</subfield><subfield code="x">softback</subfield><subfield code="0">(DE-Frei129)02516355</subfield><subfield code="2">local</subfield></datafield><datafield tag="651" ind1=" " ind2="7"><subfield code="a">Europa</subfield><subfield code="0">(DE-Frei129)00007416</subfield><subfield code="0">(DE-588)4015701-5</subfield><subfield code="2">gnd</subfield></datafield><datafield tag="689" ind1="0" ind2="0"><subfield code="0">(DE-588)4000628-1</subfield><subfield code="D">s</subfield><subfield code="a">Ästhetische Erziehung </subfield></datafield><datafield tag="689" ind1="0" ind2="1"><subfield code="0">(DE-588)4070955-3</subfield><subfield code="D">s</subfield><subfield code="a">Erziehungsphilosophie</subfield><subfield code="5">DE-101</subfield></datafield><datafield tag="689" ind1="1" ind2="0"><subfield code="0">(DE-588)4015701-5</subfield><subfield code="D">g</subfield><subfield code="a">Europa </subfield></datafield><datafield tag="689" ind1="1" ind2="1"><subfield code="0">(DE-588)4000628-1</subfield><subfield code="D">s</subfield><subfield code="a">Ästhetische Erziehung </subfield></datafield><datafield tag="689" ind1="1" ind2="2"><subfield code="0">(DE-588)4070955-3</subfield><subfield code="D">s</subfield><subfield code="a">Erziehungsphilosophie </subfield></datafield><datafield tag="689" ind1="1" ind2="3"><subfield code="0">(DE-588)4055179-9</subfield><subfield code="D">s</subfield><subfield code="a">Sittliche Erziehung</subfield><subfield code="5">DE-101</subfield></datafield><datafield tag="689" ind1="2" ind2="0"><subfield code="A">s</subfield><subfield code="a">Paperback / softback</subfield><subfield code="5">DE-101</subfield></datafield><datafield tag="700" ind1="1" ind2=" "><subfield code="0">(DE-588)120668270</subfield><subfield code="0">(DE-Frei129)00077403</subfield><subfield code="a">Fuchs, Birgitta</subfield><subfield code="4">Hrsg.</subfield></datafield><datafield tag="830" ind1=" " ind2="0"><subfield code="a">Systematische Pädagogik</subfield><subfield code="v">Bd. 11</subfield><subfield code="w">(DE-Frei129)00241278</subfield><subfield code="9">211</subfield></datafield><datafield tag="852" ind1=" " ind2=" "><subfield code="a">Frei129</subfield><subfield code="c">Paed B 230: 101</subfield></datafield><datafield tag="856" ind1="4" ind2=" "><subfield code="8">00</subfield><subfield code="u">http://d-nb.info/1008288861/04</subfield><subfield code="y">Inhaltsverzeichnis</subfield></datafield><datafield tag="980" ind1="0" ind2=" "><subfield code="a">00217826</subfield><subfield code="9">(PHFR)</subfield><subfield code="b">EG-Anbau (32)</subfield><subfield code="c">Paed B 230: 101</subfield><subfield code="d">Standardleihe (01)</subfield><subfield code="e">Verfügbar (X)</subfield></datafield></record>