
<record><leader>05177nam a2200000uu 4500</leader><controlfield tag="001">03006603</controlfield><controlfield tag="003">DE-Frei129</controlfield><controlfield tag="005">20220811084026.0</controlfield><controlfield tag="007">tu</controlfield><controlfield tag="008">101110s2010    ||||||||||||||||||||ger||</controlfield><datafield tag="015" ind1=" " ind2=" "><subfield code="a">10,A46</subfield></datafield><datafield tag="016" ind1="7" ind2=" "><subfield code="a">1008089907</subfield><subfield code="2">DE-101</subfield></datafield><datafield tag="020" ind1=" " ind2=" "><subfield code="a">9783899589825</subfield><subfield code="9">9783899589825</subfield><subfield code="c">kart. : EUR 10.00 (DE)</subfield></datafield><datafield tag="020" ind1=" " ind2=" "><subfield code="a">9783899589832</subfield><subfield code="9">9783899589832</subfield><subfield code="c">Online-Ausg.</subfield></datafield><datafield tag="024" ind1="3" ind2=" "><subfield code="a">9783899589825</subfield></datafield><datafield tag="035" ind1=" " ind2=" "><subfield code="a">(DE-576)638897114</subfield></datafield><datafield tag="041" ind1=" " ind2=" "><subfield code="a">ger</subfield></datafield><datafield tag="044" ind1=" " ind2=" "><subfield code="c">XA-DE-HE</subfield></datafield><datafield tag="100" ind1="1" ind2=" "><subfield code="a">Odernheimer, Vera</subfield><subfield code="0">(DE-Frei129)03000659</subfield></datafield><datafield tag="245" ind1="1" ind2="0"><subfield code="a">Teamarbeit in der lernenden Organisation Schule</subfield><subfield code="b">Entwicklung von Anforderungen an Teamarbeit in lernenden Organisationen mit Betrachtung der Umsetzung an vier Schulen des hessischen Modellversuchs &quot;Selbstverantwortung plus&quot;</subfield><subfield code="c">Vera Odernheimer. [Universität Kassel, ZLB, Zentrum für Lehrerbildung]</subfield></datafield><datafield tag="260" ind1="3" ind2=" "><subfield code="a">Kassel</subfield><subfield code="b">Kassel Univertity Press</subfield><subfield code="c">2010</subfield></datafield><datafield tag="300" ind1=" " ind2=" "><subfield code="a">78 Seiten</subfield><subfield code="b">graph. Darst</subfield><subfield code="c">30 cm, 200 Gramm</subfield></datafield><datafield tag="490" ind1="1" ind2=" "><subfield code="a">Reihe Studium und Forschung </subfield><subfield code="v">13</subfield></datafield><datafield tag="500" ind1=" " ind2=" "><subfield code="a">Literaturangaben. - Zusätzliches Online-Angebot unter http://nbn-resolving.de/urn:nbn:de:0002-9839</subfield></datafield><datafield tag="500" ind1=" " ind2=" "><subfield code="a">IMD-Felder maschinell generiert (GBV)</subfield></datafield><datafield tag="650" ind1=" " ind2="7"><subfield code="a">Team teaching</subfield><subfield code="0">(DE-Frei129)00042975</subfield><subfield code="0">(DE-588)4126971-8</subfield><subfield code="2">gnd</subfield></datafield><datafield tag="650" ind1=" " ind2="7"><subfield code="a">Book</subfield><subfield code="0">(DE-Frei129)01751094</subfield><subfield code="2">local</subfield></datafield><datafield tag="689" ind1="0" ind2="0"><subfield code="0">(DE-588)4126971-8</subfield><subfield code="D">s</subfield><subfield code="a">Team teaching</subfield><subfield code="5">DE-101</subfield></datafield><datafield tag="689" ind1="1" ind2="0"><subfield code="A">s</subfield><subfield code="a">Book</subfield><subfield code="5">DE-101</subfield></datafield><datafield tag="710" ind1="2" ind2=" "><subfield code="0">(DE-Frei129)00015237</subfield><subfield code="0">(DE-588)10029559-9</subfield><subfield code="a">Universität Kassel</subfield><subfield code="b">Zentrum für Lehrerbildung</subfield><subfield code="4">oth</subfield></datafield><datafield tag="776" ind1="0" ind2="8"><subfield code="a">Vera Odernheimer. [Universität Kassel, ZLB, Zentrum für Lehrerbildung]</subfield><subfield code="i">Erscheint auch als Online-Ausgabe</subfield><subfield code="t">Teamarbeit in der lernenden Organisation Schule</subfield><subfield code="w">(DE-Frei129)58369644</subfield><subfield code="w">(DE-576)642883602</subfield></datafield><datafield tag="830" ind1=" " ind2="0"><subfield code="a">Reihe Studium und Forschung</subfield><subfield code="v">13</subfield><subfield code="w">(DE-Frei129)00255036</subfield><subfield code="9">213</subfield></datafield><datafield tag="852" ind1=" " ind2=" "><subfield code="a">Frei129</subfield><subfield code="c">Paed L 150: 92</subfield></datafield><datafield tag="856" ind1="4" ind2=" "><subfield code="8">00</subfield><subfield code="u">http://www.upress.uni-kassel.de/publi/abstract.php?978-3-89958-982</subfield><subfield code="y">Kurzbeschreibung des Verlags</subfield></datafield><datafield tag="856" ind1="4" ind2=" "><subfield code="8">01</subfield><subfield code="u">http://d-nb.info/1008089907/04</subfield><subfield code="y">Verlagsinformation</subfield></datafield><datafield tag="980" ind1="0" ind2=" "><subfield code="a">00211336</subfield><subfield code="9">(PHFR)</subfield><subfield code="b">EG-Anbau (32)</subfield><subfield code="c">Paed L 150: 92</subfield><subfield code="d">Standardleihe (01)</subfield><subfield code="e">Verfügbar (X)</subfield></datafield></record>