
<record><leader>04719nam a2200000uu 4500</leader><controlfield tag="001">03006153</controlfield><controlfield tag="003">DE-Frei129</controlfield><controlfield tag="005">20220811084026.0</controlfield><controlfield tag="007">tu</controlfield><controlfield tag="008">101222s2010    ||||||||||||||||||||ger||</controlfield><datafield tag="015" ind1=" " ind2=" "><subfield code="a">10,N35</subfield></datafield><datafield tag="016" ind1="7" ind2=" "><subfield code="a">1006148108</subfield><subfield code="2">DE-101</subfield></datafield><datafield tag="020" ind1=" " ind2=" "><subfield code="a">9783809480013</subfield><subfield code="9">978-3-8094-8001-3</subfield><subfield code="c">GB. : EUR 14.99, EUR 15.50 (AT), sfr 26.90 (freier Pr.)</subfield></datafield><datafield tag="024" ind1="3" ind2=" "><subfield code="a">9783809480013</subfield></datafield><datafield tag="035" ind1=" " ind2=" "><subfield code="a">(DE-576)1607037602</subfield></datafield><datafield tag="041" ind1=" " ind2=" "><subfield code="a">ger</subfield></datafield><datafield tag="044" ind1=" " ind2=" "><subfield code="c">XA-DE-BY</subfield></datafield><datafield tag="100" ind1="1" ind2=" "><subfield code="a">Braybrooke, Marcus</subfield><subfield code="0">(DE-Frei129)00278362</subfield><subfield code="0">(DE-588)124335586</subfield><subfield code="4">aut</subfield></datafield><datafield tag="245" ind1="1" ind2="4"><subfield code="a">Der große Bibelatlas</subfield><subfield code="b">[mit 450 Fotos, Zeichnungen und Landkarten]</subfield><subfield code="c">[Marcus Braybrooke; James Harpur]</subfield></datafield><datafield tag="260" ind1="3" ind2=" "><subfield code="a">München</subfield><subfield code="b">Bassermann</subfield><subfield code="c">2010</subfield></datafield><datafield tag="300" ind1=" " ind2=" "><subfield code="a">144  Seiten</subfield><subfield code="b">überw. Ill., Kt.</subfield><subfield code="c">320 mm x 240 mm</subfield></datafield><datafield tag="500" ind1=" " ind2=" "><subfield code="a">5090: ddsu/sred</subfield></datafield><datafield tag="630" ind1="0" ind2="7"><subfield code="a">Bibel</subfield><subfield code="0">(DE-Frei129)02358257</subfield><subfield code="0">(DE-588)106377604</subfield><subfield code="2">gnd</subfield></datafield><datafield tag="650" ind1=" " ind2="7"><subfield code="a">Biblische Geografie</subfield><subfield code="0">(DE-Frei129)00054343</subfield><subfield code="0">(DE-588)4145286-0</subfield><subfield code="2">gnd</subfield></datafield><datafield tag="650" ind1=" " ind2="7"><subfield code="a">Zeithintergrund</subfield><subfield code="0">(DE-Frei129)00044229</subfield><subfield code="0">(DE-588)4128644-3</subfield><subfield code="2">gnd</subfield></datafield><datafield tag="655" ind1=" " ind2="7"><subfield code="a">Atlas</subfield><subfield code="0">(DE-Frei129)00000028</subfield><subfield code="2">local</subfield></datafield><datafield tag="655" ind1=" " ind2="7"><subfield code="a">Bildband</subfield><subfield code="0">(DE-Frei129)00000116</subfield><subfield code="2">local</subfield></datafield><datafield tag="689" ind1="0" ind2="0"><subfield code="0">(DE-588)4145286-0</subfield><subfield code="D">s</subfield><subfield code="a">Biblische Geografie </subfield></datafield><datafield tag="689" ind1="0" ind2="1"><subfield code="A">s</subfield><subfield code="a">Atlas</subfield><subfield code="5">DE-101</subfield></datafield><datafield tag="689" ind1="1" ind2="0"><subfield code="0">(DE-588)106377604</subfield><subfield code="D">u</subfield><subfield code="a">Bibel </subfield></datafield><datafield tag="689" ind1="1" ind2="1"><subfield code="0">(DE-588)4128644-3</subfield><subfield code="D">s</subfield><subfield code="a">Zeithintergrund </subfield></datafield><datafield tag="689" ind1="1" ind2="2"><subfield code="A">s</subfield><subfield code="a">Bildband</subfield><subfield code="5">DE-101</subfield></datafield><datafield tag="700" ind1="1" ind2=" "><subfield code="0">(DE-Frei129)00278361</subfield><subfield code="a">Harpur, James</subfield><subfield code="4">aut</subfield></datafield><datafield tag="852" ind1=" " ind2=" "><subfield code="a">Frei 129</subfield><subfield code="b">PHFR</subfield><subfield code="c">BC 8190 B827</subfield></datafield><datafield tag="856" ind1="4" ind2=" "><subfield code="8">00</subfield><subfield code="u">http://d-nb.info/1006148108/04</subfield><subfield code="y">Inhaltsverzeichnis</subfield></datafield><datafield tag="980" ind1="0" ind2=" "><subfield code="a">00220910</subfield><subfield code="9">(PHFR)</subfield><subfield code="b">UG (33)</subfield><subfield code="c">BC 8190 B827</subfield><subfield code="d">Standardleihe (01)</subfield><subfield code="e">Verfügbar (X)</subfield></datafield></record>