
<record><leader>04944nam a2200000uu 4500</leader><controlfield tag="001">03005482</controlfield><controlfield tag="003">DE-Frei129</controlfield><controlfield tag="005">20220811084026.0</controlfield><controlfield tag="007">tu</controlfield><controlfield tag="008">100901s2010    ||||||||||||||||||||ger||</controlfield><datafield tag="015" ind1=" " ind2=" "><subfield code="a">10,N17</subfield></datafield><datafield tag="016" ind1="7" ind2=" "><subfield code="a">100178460X</subfield><subfield code="2">DE-101</subfield></datafield><datafield tag="020" ind1=" " ind2=" "><subfield code="a">9783497021772</subfield><subfield code="9">9783497021772</subfield><subfield code="c">KART. : EUR 39.90</subfield></datafield><datafield tag="024" ind1="3" ind2=" "><subfield code="a">9783497021772</subfield></datafield><datafield tag="035" ind1=" " ind2=" "><subfield code="a">(DE-576)1604946911</subfield></datafield><datafield tag="041" ind1=" " ind2=" "><subfield code="a">ger</subfield></datafield><datafield tag="044" ind1=" " ind2=" "><subfield code="c">XA-DE-BY</subfield></datafield><datafield tag="245" ind1="1" ind2="0"><subfield code="a">Frühes Fördern in der Grundschule</subfield><subfield code="b">der Präventionsansatz des Projekts &quot;Monheim für Kinder - Mo.Ki II&quot;; mit 33 Tabellen</subfield><subfield code="c">Gerda Holz</subfield></datafield><datafield tag="250" ind1=" " ind2=" "><subfield code="a">1. Aufl.</subfield></datafield><datafield tag="260" ind1="3" ind2=" "><subfield code="a">München ; Basel</subfield><subfield code="b">Reinhardt</subfield><subfield code="c">2010</subfield></datafield><datafield tag="300" ind1=" " ind2=" "><subfield code="a">V, 166 Seiten</subfield><subfield code="b">Ill., graph. Darst.</subfield></datafield><datafield tag="610" ind1="1" ind2="7"><subfield code="a">Monheim am Rhein</subfield><subfield code="0">(DE-Frei129)00197855</subfield><subfield code="0">(DE-588)4040065-7</subfield><subfield code="2">gnd</subfield></datafield><datafield tag="650" ind1=" " ind2="7"><subfield code="a">Grundschule</subfield><subfield code="0">(DE-Frei129)00010240</subfield><subfield code="0">(DE-588)4022349-8</subfield><subfield code="2">gnd</subfield></datafield><datafield tag="650" ind1=" " ind2="7"><subfield code="a">Ganztagsschule</subfield><subfield code="0">(DE-Frei129)00057924</subfield><subfield code="0">(DE-588)4155947-2</subfield><subfield code="2">gnd</subfield></datafield><datafield tag="650" ind1=" " ind2="7"><subfield code="a">Chancengleichheit</subfield><subfield code="0">(DE-Frei129)00004888</subfield><subfield code="0">(DE-588)4009736-5</subfield><subfield code="2">gnd</subfield></datafield><datafield tag="650" ind1=" " ind2="7"><subfield code="a">Soziale Herkunft</subfield><subfield code="0">(DE-Frei129)00039298</subfield><subfield code="0">(DE-588)4121684-2</subfield><subfield code="2">gnd</subfield></datafield><datafield tag="689" ind1="0" ind2="0"><subfield code="0">(DE-588)4040065-7</subfield><subfield code="D">g</subfield><subfield code="a">Monheim am Rhein </subfield></datafield><datafield tag="689" ind1="0" ind2="1"><subfield code="0">(DE-588)4022349-8</subfield><subfield code="D">s</subfield><subfield code="a">Grundschule </subfield></datafield><datafield tag="689" ind1="0" ind2="2"><subfield code="0">(DE-588)4155947-2</subfield><subfield code="D">s</subfield><subfield code="a">Ganztagsschule </subfield></datafield><datafield tag="689" ind1="0" ind2="3"><subfield code="0">(DE-588)4009736-5</subfield><subfield code="D">s</subfield><subfield code="a">Chancengleichheit </subfield></datafield><datafield tag="689" ind1="0" ind2="4"><subfield code="0">(DE-588)4121684-2</subfield><subfield code="D">s</subfield><subfield code="a">Soziale Herkunft</subfield><subfield code="5">DE-101</subfield></datafield><datafield tag="700" ind1="1" ind2=" "><subfield code="0">(DE-Frei129)00073060</subfield><subfield code="a">Holz, Gerda</subfield><subfield code="4">aut</subfield></datafield><datafield tag="776" ind1="0" ind2="8"><subfield code="a">Gerda Holz</subfield><subfield code="i">Erscheint auch als Online-Ausgabe</subfield><subfield code="t">Frühes Fördern in der Grundschule</subfield><subfield code="w">(DE-Frei129)03174532</subfield><subfield code="w">(DE-576)165487678X</subfield></datafield><datafield tag="852" ind1=" " ind2=" "><subfield code="a">Frei129</subfield><subfield code="c">Paed T 200: 147</subfield></datafield><datafield tag="856" ind1="4" ind2=" "><subfield code="8">00</subfield><subfield code="u">http://www.gbv.de/dms/zbw/63505034X.pdf</subfield><subfield code="y">Inhaltsverzeichnis</subfield></datafield><datafield tag="980" ind1="0" ind2=" "><subfield code="a">00213745</subfield><subfield code="9">(PHFR)</subfield><subfield code="b">EG-Anbau (32)</subfield><subfield code="c">Paed T 200: 147</subfield><subfield code="d">Standardleihe (01)</subfield><subfield code="e">Verfügbar (X)</subfield></datafield></record>