
<record><leader>05438nam a2200000uu 4500</leader><controlfield tag="001">03005445</controlfield><controlfield tag="003">DE-Frei129</controlfield><controlfield tag="005">20220811084026.0</controlfield><controlfield tag="007">tu</controlfield><controlfield tag="008">100512s2010    ||||||||||||||||||||ger||</controlfield><datafield tag="015" ind1=" " ind2=" "><subfield code="a">10,A41</subfield></datafield><datafield tag="016" ind1="7" ind2=" "><subfield code="a">1002294177</subfield><subfield code="2">DE-101</subfield></datafield><datafield tag="020" ind1=" " ind2=" "><subfield code="a">9783895662829</subfield><subfield code="9">9783895662829</subfield><subfield code="c">Pp. : EUR 9.90 (DE), sfr 17.50 (freier Pr.)</subfield></datafield><datafield tag="024" ind1="3" ind2=" "><subfield code="a">9783895662829</subfield></datafield><datafield tag="035" ind1=" " ind2=" "><subfield code="a">(DE-576)626091675</subfield></datafield><datafield tag="041" ind1=" " ind2=" "><subfield code="a">ger</subfield></datafield><datafield tag="044" ind1=" " ind2=" "><subfield code="c">XA-DE-HE</subfield></datafield><datafield tag="100" ind1="1" ind2=" "><subfield code="a">Klinger, Ralf</subfield><subfield code="0">(DE-Frei129)00267369</subfield><subfield code="0">(DE-588)134255240</subfield></datafield><datafield tag="245" ind1="1" ind2="0"><subfield code="a">Regenwürmer - Helfer im Garten</subfield><subfield code="b">lebendiger Boden, gesunde Pflanzen, reiche Ernte</subfield><subfield code="c">Ralf Klinger. Ill. von Kirsten Maria Peter</subfield></datafield><datafield tag="260" ind1="3" ind2=" "><subfield code="a">Darmstadt</subfield><subfield code="b">Pala-Verl.</subfield><subfield code="c">2010</subfield></datafield><datafield tag="300" ind1=" " ind2=" "><subfield code="a">171 Seiten</subfield><subfield code="b">Ill.</subfield><subfield code="c">17 cm</subfield></datafield><datafield tag="500" ind1=" " ind2=" "><subfield code="a">Literaturangaben</subfield></datafield><datafield tag="500" ind1=" " ind2=" "><subfield code="a">IMD-Felder maschinell generiert (GBV)</subfield></datafield><datafield tag="520" ind1=" " ind2=" "><subfield code="a">Umfassende Informationen über Biologie und Lebensweise des Regenwurms, mit vielen Tipps zur regenwurmfreundlichen Gestaltung des Gartens. (LK/HD: Burkeljca)</subfield></datafield><datafield tag="520" ind1=" " ind2=" "><subfield code="a">Regenwürmer sind für einen nährstoffreichen, fruchtbaren Boden unerlässlich. Autor R. Klinger stellt in diesem handlichen Buch zunächst Biologie und Lebensweise des Regenwurms vor, und gibt dann in der 2. Hälfte viele Tipps, wie man seinen Garten regenwurmfreundlich mulchen und düngen kann. Auch Empfehlungen für die Einrichtung eines Komposthaufens und einer &quot;Wurmkiste&quot; zur Erstellung von Wurmkompost auf Balkon oder Terrasse fehlen nicht. Interessant für alle ambitionierten, naturbewussten Hobby-Gärtner, ein aktueller Vergleichstitel ist nicht bekannt. Für Bibliotheken jeder Größe sinnvoll. (2) (LK/HD: Burkeljca)</subfield></datafield><datafield tag="650" ind1=" " ind2="7"><subfield code="a">Biologischer Garten</subfield><subfield code="0">(DE-Frei129)00027767</subfield><subfield code="0">(DE-588)4069485-9</subfield><subfield code="2">gnd</subfield></datafield><datafield tag="650" ind1=" " ind2="7"><subfield code="a">Gartenboden</subfield><subfield code="0">(DE-Frei129)00161980</subfield><subfield code="0">(DE-588)4263171-3</subfield><subfield code="2">gnd</subfield></datafield><datafield tag="650" ind1=" " ind2="7"><subfield code="a">Regenwurm</subfield><subfield code="0">(DE-Frei129)00045855</subfield><subfield code="0">(DE-588)4130770-7</subfield><subfield code="2">gnd</subfield></datafield><datafield tag="689" ind1="0" ind2="0"><subfield code="0">(DE-588)4069485-9</subfield><subfield code="D">s</subfield><subfield code="a">Biologischer Garten </subfield></datafield><datafield tag="689" ind1="0" ind2="1"><subfield code="0">(DE-588)4263171-3</subfield><subfield code="D">s</subfield><subfield code="a">Gartenboden </subfield></datafield><datafield tag="689" ind1="0" ind2="2"><subfield code="0">(DE-588)4130770-7</subfield><subfield code="D">s</subfield><subfield code="a">Regenwurm</subfield><subfield code="5">DE-101</subfield></datafield><datafield tag="852" ind1=" " ind2=" "><subfield code="a">Frei 129</subfield><subfield code="b">PHFR</subfield><subfield code="c">Bio D 450: 31</subfield></datafield><datafield tag="856" ind1="4" ind2=" "><subfield code="8">00</subfield><subfield code="u">http://deposit.d-nb.de/cgi-bin/dokserv?id=3469462&amp;prov=M&amp;dokvar=1&amp;dokext=htm</subfield><subfield code="y">Inhaltstext</subfield></datafield><datafield tag="856" ind1="4" ind2=" "><subfield code="8">01</subfield><subfield code="u">http://d-nb.info/1002294177/04</subfield><subfield code="y">Verlagsinformation</subfield></datafield><datafield tag="856" ind1="4" ind2=" "><subfield code="8">02</subfield><subfield code="u">http://deposit.d-nb.de/cgi-bin/dokserv?id=3469462&amp;prov=M&amp;dok_var=1&amp;dok_ext=htm</subfield><subfield code="y">Inhaltstext</subfield></datafield><datafield tag="980" ind1="0" ind2=" "><subfield code="a">00459850</subfield><subfield code="9">(PHFR)</subfield><subfield code="b">UG (33)</subfield><subfield code="c">Bio D 450: 31</subfield><subfield code="d">Standardleihe (01)</subfield><subfield code="e">Verfügbar (X)</subfield></datafield></record>