
<record><leader>03890nam a2200000uu 4500</leader><controlfield tag="001">03005381</controlfield><controlfield tag="003">DE-Frei129</controlfield><controlfield tag="005">20220811084026.0</controlfield><controlfield tag="007">tu</controlfield><controlfield tag="008">100113s2010    ||||||||||||||||||||ger||</controlfield><datafield tag="015" ind1=" " ind2=" "><subfield code="a">10,A38</subfield></datafield><datafield tag="016" ind1="7" ind2=" "><subfield code="a">999017993</subfield><subfield code="2">DE-101</subfield></datafield><datafield tag="020" ind1=" " ind2=" "><subfield code="a">9783403066002</subfield><subfield code="9">9783403066002</subfield><subfield code="c">kart. : EUR 19.90 (DE), EUR 19.90 (AT), sfr 34.50 (freier Pr.)</subfield></datafield><datafield tag="024" ind1="3" ind2=" "><subfield code="a">9783403066002</subfield></datafield><datafield tag="035" ind1=" " ind2=" "><subfield code="a">(DE-576)616404735</subfield></datafield><datafield tag="041" ind1=" " ind2=" "><subfield code="a">ger</subfield></datafield><datafield tag="044" ind1=" " ind2=" "><subfield code="c">XA-DE-BY</subfield></datafield><datafield tag="100" ind1="1" ind2=" "><subfield code="a">Sander, Manon</subfield><subfield code="0">(DE-Frei129)00154684</subfield><subfield code="0">(DE-588)132246740</subfield></datafield><datafield tag="245" ind1="1" ind2="0"><subfield code="a">Aufgabensammlung Sachrechnen</subfield><subfield code="b">handlungsorentierte Textaufgaben aus der Lebenswirklichkeit der Kinder ; Klasse 2 - 4 ; [differenzierte Kopiervorlagen - direkt einsetzbar! ; Grundschule]</subfield><subfield code="c">Manon Sander</subfield></datafield><datafield tag="250" ind1=" " ind2=" "><subfield code="a">1. Aufl.</subfield></datafield><datafield tag="260" ind1="3" ind2=" "><subfield code="a">Donauwörth</subfield><subfield code="b">Auer</subfield><subfield code="c">2010</subfield></datafield><datafield tag="300" ind1=" " ind2=" "><subfield code="a">96 Seiten</subfield><subfield code="b">Ill</subfield><subfield code="c">30 cm</subfield></datafield><datafield tag="500" ind1=" " ind2=" "><subfield code="a">IMD-Felder maschinell generiert (GBV)</subfield></datafield><datafield tag="650" ind1=" " ind2="7"><subfield code="a">Sachrechnen</subfield><subfield code="0">(DE-Frei129)00052437</subfield><subfield code="0">(DE-588)4140611-4</subfield><subfield code="2">gnd</subfield></datafield><datafield tag="650" ind1=" " ind2="7"><subfield code="a">Mathematikunterricht</subfield><subfield code="0">(DE-Frei129)00016130</subfield><subfield code="0">(DE-588)4037949-8</subfield><subfield code="2">gnd</subfield></datafield><datafield tag="650" ind1=" " ind2="7"><subfield code="a">Schuljahr 2-4</subfield><subfield code="0">(DE-Frei129)00074719</subfield><subfield code="0">(DE-588)4204205-7</subfield><subfield code="2">gnd</subfield></datafield><datafield tag="689" ind1="0" ind2="0"><subfield code="0">(DE-588)4140611-4</subfield><subfield code="D">s</subfield><subfield code="a">Sachrechnen </subfield></datafield><datafield tag="689" ind1="0" ind2="1"><subfield code="0">(DE-588)4037949-8</subfield><subfield code="D">s</subfield><subfield code="a">Mathematikunterricht </subfield></datafield><datafield tag="689" ind1="0" ind2="2"><subfield code="0">(DE-588)4204205-7</subfield><subfield code="D">s</subfield><subfield code="a">Schuljahr 2-4</subfield><subfield code="5">DE-101</subfield></datafield><datafield tag="852" ind1=" " ind2=" "><subfield code="a">Frei 129</subfield><subfield code="b">PHFR</subfield><subfield code="c">Math N 420: 60</subfield></datafield><datafield tag="980" ind1="0" ind2=" "><subfield code="a">00365853</subfield><subfield code="9">(PHFR)</subfield><subfield code="b">UG (33)</subfield><subfield code="c">Math N 420: 60 a</subfield><subfield code="d">Standardleihe (01)</subfield><subfield code="e">Verfügbar (X)</subfield></datafield></record>