
<record><leader>04255nam a2200000uu 4500</leader><controlfield tag="001">03005165</controlfield><controlfield tag="003">DE-Frei129</controlfield><controlfield tag="005">20220811084026.0</controlfield><controlfield tag="007">tu</controlfield><controlfield tag="008">100721s2010    ||||||||||||||||||||ger||</controlfield><datafield tag="015" ind1=" " ind2=" "><subfield code="a">10,A36</subfield></datafield><datafield tag="016" ind1="7" ind2=" "><subfield code="a">1004365659</subfield><subfield code="2">DE-101</subfield></datafield><datafield tag="020" ind1=" " ind2=" "><subfield code="a">9783899746310</subfield><subfield code="9">9783899746310</subfield><subfield code="c">kart. : EUR 9.80</subfield></datafield><datafield tag="024" ind1="3" ind2=" "><subfield code="a">9783899746310</subfield></datafield><datafield tag="024" ind1="8" ind2=" "><subfield code="a">02388</subfield></datafield><datafield tag="035" ind1=" " ind2=" "><subfield code="a">(DE-576)631555676</subfield></datafield><datafield tag="041" ind1=" " ind2=" "><subfield code="a">ger</subfield></datafield><datafield tag="044" ind1=" " ind2=" "><subfield code="c">XA-DE-HE</subfield></datafield><datafield tag="245" ind1="1" ind2="0"><subfield code="a">Kreativer Deutschunterricht</subfield><subfield code="b">aktivierende Methoden für einen lebendigen Fachunterricht</subfield><subfield code="c">Sabine Janssen; Bernd Janssen</subfield></datafield><datafield tag="260" ind1="3" ind2=" "><subfield code="a">Schwalbach/Ts.</subfield><subfield code="b">Wochenschau-Verl.</subfield><subfield code="c">2010</subfield></datafield><datafield tag="300" ind1=" " ind2=" "><subfield code="a">63  Seiten</subfield><subfield code="c">19 cm</subfield></datafield><datafield tag="490" ind1="0" ind2=" "><subfield code="a">Deutsch unterrichten : Kleine Reihe</subfield></datafield><datafield tag="500" ind1=" " ind2=" "><subfield code="a">Literaturangaben</subfield></datafield><datafield tag="500" ind1=" " ind2=" "><subfield code="a">IMD-Felder maschinell generiert (GBV)</subfield></datafield><datafield tag="650" ind1=" " ind2="7"><subfield code="a">Deutschunterricht</subfield><subfield code="0">(DE-Frei129)00005880</subfield><subfield code="0">(DE-588)4011975-0</subfield><subfield code="2">gnd</subfield></datafield><datafield tag="650" ind1=" " ind2="7"><subfield code="a">Sekundarstufe</subfield><subfield code="0">(DE-Frei129)00011250</subfield><subfield code="0">(DE-588)4077347-4</subfield><subfield code="2">gnd</subfield></datafield><datafield tag="689" ind1="0" ind2="0"><subfield code="0">(DE-588)4011975-0</subfield><subfield code="D">s</subfield><subfield code="a">Deutschunterricht </subfield></datafield><datafield tag="689" ind1="0" ind2="1"><subfield code="0">(DE-588)4077347-4</subfield><subfield code="D">s</subfield><subfield code="a">Sekundarstufe</subfield><subfield code="5">DE-101</subfield></datafield><datafield tag="700" ind1="1" ind2=" "><subfield code="0">(DE-588)124796672</subfield><subfield code="0">(DE-Frei129)00267432</subfield><subfield code="a">Janssen, Sabine</subfield><subfield code="4">aut</subfield></datafield><datafield tag="700" ind1="1" ind2=" "><subfield code="0">(DE-588)115380280</subfield><subfield code="0">(DE-Frei129)00267427</subfield><subfield code="a">Janssen, Bernd</subfield><subfield code="4">aut</subfield></datafield><datafield tag="852" ind1=" " ind2=" "><subfield code="a">Frei 129</subfield><subfield code="b">PHFR</subfield><subfield code="c">GB 2924 J35</subfield></datafield><datafield tag="856" ind1="4" ind2=" "><subfield code="8">00</subfield><subfield code="u">http://d-nb.info/1004365659/04</subfield><subfield code="y">04 Inhaltsverzeichnis</subfield></datafield><datafield tag="856" ind1="4" ind2=" "><subfield code="8">01</subfield><subfield code="u">http://deposit.d-nb.de/cgi-bin/dokserv?id=3513024&amp;prov=M&amp;dok_var=1&amp;dok_ext=htm</subfield><subfield code="y">01 Inhaltstext</subfield></datafield><datafield tag="980" ind1="0" ind2=" "><subfield code="a">00211677</subfield><subfield code="9">(PHFR)</subfield><subfield code="b">2.OG (35)</subfield><subfield code="c">GB 2924 J35</subfield><subfield code="d">Standardleihe (01)</subfield><subfield code="e">Verfügbar (X)</subfield></datafield></record>