
<record><leader>08260nam a2200000uu 4500</leader><controlfield tag="001">03005153</controlfield><controlfield tag="003">DE-Frei129</controlfield><controlfield tag="005">20220811084026.0</controlfield><controlfield tag="007">tu</controlfield><controlfield tag="008">100715s2010    |||||||||m||||||||||ger||</controlfield><datafield tag="015" ind1=" " ind2=" "><subfield code="a">10,N22</subfield></datafield><datafield tag="016" ind1="7" ind2=" "><subfield code="a">100286397X</subfield><subfield code="2">DE-101</subfield></datafield><datafield tag="020" ind1=" " ind2=" "><subfield code="a">9783830052043</subfield><subfield code="9">9783830052043</subfield><subfield code="c">PB. : EUR 98.00</subfield></datafield><datafield tag="024" ind1="3" ind2=" "><subfield code="a">9783830052043</subfield></datafield><datafield tag="035" ind1=" " ind2=" "><subfield code="a">(DE-576)1604102373</subfield></datafield><datafield tag="041" ind1=" " ind2=" "><subfield code="a">ger</subfield></datafield><datafield tag="044" ind1=" " ind2=" "><subfield code="c">XA-DE-HH</subfield></datafield><datafield tag="245" ind1="1" ind2="0"><subfield code="a">Deutungsmuster von Lehrern</subfield><subfield code="b">eine inhaltsanalytische Untersuchung von Lehrerautobiografien aus dem 19. und 20. Jahrhundert</subfield><subfield code="c">Kerstin Schmeitzner</subfield></datafield><datafield tag="260" ind1="3" ind2=" "><subfield code="a">Hamburg</subfield><subfield code="b">Kovač</subfield><subfield code="c">2010</subfield></datafield><datafield tag="300" ind1=" " ind2=" "><subfield code="a">374 Seiten</subfield><subfield code="b">graph. Darst.</subfield><subfield code="c">210 mm x 148 mm, 470 gr.</subfield></datafield><datafield tag="490" ind1="1" ind2=" "><subfield code="a">Studien zur Berufs- und Professionsforschung </subfield><subfield code="v">4</subfield></datafield><datafield tag="500" ind1=" " ind2=" "><subfield code="a">Lüneburg</subfield></datafield><datafield tag="502" ind1=" " ind2=" "><subfield code="a">Zugl.: Lüneburg, Leuphana Univ., Diss., 2009</subfield></datafield><datafield tag="648" ind1=" " ind2="7"><subfield code="a">Geschichte 1825-1999</subfield><subfield code="0">(DE-Frei129)00199168</subfield><subfield code="2">local</subfield></datafield><datafield tag="650" ind1=" " ind2="7"><subfield code="a">Lehrer</subfield><subfield code="0">(DE-Frei129)00005864</subfield><subfield code="0">(DE-588)4035088-5</subfield><subfield code="2">gnd</subfield></datafield><datafield tag="650" ind1=" " ind2="7"><subfield code="a">Autobiografie</subfield><subfield code="0">(DE-Frei129)00023777</subfield><subfield code="0">(DE-588)4003939-0</subfield><subfield code="2">gnd</subfield></datafield><datafield tag="650" ind1=" " ind2="7"><subfield code="a">Berufsbild</subfield><subfield code="0">(DE-Frei129)00027614</subfield><subfield code="0">(DE-588)4069340-5</subfield><subfield code="2">gnd</subfield></datafield><datafield tag="650" ind1=" " ind2="7"><subfield code="a">Bildungsforschung</subfield><subfield code="0">(DE-Frei129)00040118</subfield><subfield code="0">(DE-588)4122926-5</subfield><subfield code="2">gnd</subfield></datafield><datafield tag="650" ind1=" " ind2="7"><subfield code="a">Historische Bildungsforschung</subfield><subfield code="0">(DE-Frei129)00111534</subfield><subfield code="0">(DE-588)4735179-2</subfield><subfield code="2">gnd</subfield></datafield><datafield tag="650" ind1=" " ind2="7"><subfield code="a">Beruf</subfield><subfield code="0">(DE-Frei129)00002996</subfield><subfield code="0">(DE-588)4005857-8</subfield><subfield code="2">gnd</subfield></datafield><datafield tag="650" ind1=" " ind2="7"><subfield code="a">Bildungssystem</subfield><subfield code="0">(DE-Frei129)00003928</subfield><subfield code="0">(DE-588)4069467-7</subfield><subfield code="2">gnd</subfield></datafield><datafield tag="650" ind1=" " ind2="7"><subfield code="a">Biografieforschung</subfield><subfield code="0">(DE-Frei129)00015048</subfield><subfield code="0">(DE-588)4132300-2</subfield><subfield code="2">gnd</subfield></datafield><datafield tag="650" ind1=" " ind2="7"><subfield code="a">Berufslaufbahn</subfield><subfield code="0">(DE-Frei129)00003435</subfield><subfield code="0">(DE-588)4005964-9</subfield><subfield code="2">gnd</subfield></datafield><datafield tag="650" ind1=" " ind2="7"><subfield code="a">Lehrerbildung</subfield><subfield code="0">(DE-Frei129)00015166</subfield><subfield code="0">(DE-588)4035093-9</subfield><subfield code="2">gnd</subfield></datafield><datafield tag="689" ind1="0" ind2="0"><subfield code="0">(DE-588)4035088-5</subfield><subfield code="D">s</subfield><subfield code="a">Lehrer </subfield></datafield><datafield tag="689" ind1="0" ind2="1"><subfield code="0">(DE-588)4003939-0</subfield><subfield code="D">s</subfield><subfield code="a">Autobiografie </subfield></datafield><datafield tag="689" ind1="0" ind2="2"><subfield code="0">(DE-588)4069340-5</subfield><subfield code="D">s</subfield><subfield code="a">Berufsbild </subfield></datafield><datafield tag="689" ind1="0" ind2="3"><subfield code="A">s</subfield><subfield code="a">Geschichte 1825-1999</subfield><subfield code="5">DE-101</subfield></datafield><datafield tag="689" ind1="1" ind2="0"><subfield code="0">(DE-588)4122926-5</subfield><subfield code="D">s</subfield><subfield code="a">Bildungsforschung </subfield></datafield><datafield tag="689" ind1="1" ind2="1"><subfield code="0">(DE-588)4735179-2</subfield><subfield code="D">s</subfield><subfield code="a">Historische Bildungsforschung </subfield></datafield><datafield tag="689" ind1="1" ind2="2"><subfield code="0">(DE-588)4035088-5</subfield><subfield code="D">s</subfield><subfield code="a">Lehrer </subfield></datafield><datafield tag="689" ind1="1" ind2="3"><subfield code="0">(DE-588)4005857-8</subfield><subfield code="D">s</subfield><subfield code="a">Beruf </subfield></datafield><datafield tag="689" ind1="1" ind2="4"><subfield code="0">(DE-588)4069467-7</subfield><subfield code="D">s</subfield><subfield code="a">Bildungssystem </subfield></datafield><datafield tag="689" ind1="1" ind2="5"><subfield code="0">(DE-588)4132300-2</subfield><subfield code="D">s</subfield><subfield code="a">Biografieforschung </subfield></datafield><datafield tag="689" ind1="1" ind2="6"><subfield code="0">(DE-588)4003939-0</subfield><subfield code="D">s</subfield><subfield code="a">Autobiografie </subfield></datafield><datafield tag="689" ind1="1" ind2="7"><subfield code="0">(DE-588)4005964-9</subfield><subfield code="D">s</subfield><subfield code="a">Berufslaufbahn </subfield></datafield><datafield tag="689" ind1="1" ind2="8"><subfield code="0">(DE-588)4069340-5</subfield><subfield code="D">s</subfield><subfield code="a">Berufsbild </subfield></datafield><datafield tag="689" ind1="1" ind2="9"><subfield code="0">(DE-588)4035093-9</subfield><subfield code="D">s</subfield><subfield code="a">Lehrerbildung</subfield><subfield code="5">DE-101</subfield></datafield><datafield tag="700" ind1="1" ind2=" "><subfield code="0">(DE-Frei129)00278567</subfield><subfield code="a">Schmeitzner, Kerstin</subfield><subfield code="4">aut</subfield></datafield><datafield tag="830" ind1=" " ind2="0"><subfield code="a">Schriftenreihe Studien zur Berufs- und Professionsforschung</subfield><subfield code="v">4</subfield><subfield code="w">(DE-Frei129)00305241</subfield><subfield code="9">14</subfield></datafield><datafield tag="852" ind1=" " ind2=" "><subfield code="a">Frei129</subfield><subfield code="c">Paed S 200: 168</subfield></datafield><datafield tag="856" ind1="4" ind2=" "><subfield code="8">00</subfield><subfield code="u">http://swbplus.bsz-bw.de/bsz326049657cov.htm</subfield><subfield code="y">Cover</subfield></datafield><datafield tag="856" ind1="4" ind2=" "><subfield code="8">01</subfield><subfield code="u">http://www.verlagdrkovac.de/978-3-8300-5204-3.htm</subfield><subfield code="y">Ausführliche Beschreibung</subfield></datafield><datafield tag="980" ind1="0" ind2=" "><subfield code="a">00213055</subfield><subfield code="9">(PHFR)</subfield><subfield code="b">EG-Anbau (32)</subfield><subfield code="c">Paed S 200: 168</subfield><subfield code="d">Standardleihe (01)</subfield><subfield code="e">Verfügbar (X)</subfield></datafield></record>