
<record><leader>04237nam a2200000uu 4500</leader><controlfield tag="001">03005027</controlfield><controlfield tag="003">DE-Frei129</controlfield><controlfield tag="005">20220811084026.0</controlfield><controlfield tag="007">tu</controlfield><controlfield tag="008">100928s2010    ||||||||||||||||||||ger||</controlfield><datafield tag="015" ind1=" " ind2=" "><subfield code="a">10,A42</subfield></datafield><datafield tag="016" ind1="7" ind2=" "><subfield code="a">1006649492</subfield><subfield code="2">DE-101</subfield></datafield><datafield tag="020" ind1=" " ind2=" "><subfield code="a">9783589051687</subfield><subfield code="9">9783589051687</subfield><subfield code="c">geh. : EUR 21.95</subfield></datafield><datafield tag="035" ind1=" " ind2=" "><subfield code="a">(DE-576)635715384</subfield></datafield><datafield tag="041" ind1=" " ind2=" "><subfield code="a">ger</subfield></datafield><datafield tag="044" ind1=" " ind2=" "><subfield code="c">XA-DE-BE</subfield><subfield code="c">XA-DE</subfield></datafield><datafield tag="100" ind1="1" ind2=" "><subfield code="a">Buchwald, Bianca</subfield><subfield code="0">(DE-Frei129)58080688</subfield><subfield code="0">(DE-588)1051485797</subfield></datafield><datafield tag="245" ind1="1" ind2="0"><subfield code="a">Sprache untersuchen: Schüler individuell fördern</subfield><subfield code="b">Aufgabenpläne und Materialien ; Lernen in Bausteinen ; für die Jahrgangsstufen 1 und 2 ; umfassender didaktischer Kommentar ; editierbare Kopiervorlagen</subfield><subfield code="c">Bianca Buchwald; Stefanie Kuhlins</subfield></datafield><datafield tag="250" ind1=" " ind2=" "><subfield code="a">1. Aufl.</subfield></datafield><datafield tag="260" ind1="3" ind2=" "><subfield code="a">Berlin</subfield><subfield code="b">Cornelsen Scriptor</subfield><subfield code="c">2010</subfield></datafield><datafield tag="300" ind1=" " ind2=" "><subfield code="a">95 Seiten</subfield><subfield code="b">Ill.</subfield><subfield code="c">30 cm</subfield><subfield code="e">1 CD-ROM</subfield></datafield><datafield tag="490" ind1="0" ind2=" "><subfield code="a">Lehrerbücherei Grundschule. Kopiervorlagen</subfield></datafield><datafield tag="500" ind1=" " ind2=" "><subfield code="a">IMD-Felder maschinell generiert (GBV)</subfield></datafield><datafield tag="650" ind1=" " ind2="7"><subfield code="a">Spracherziehung</subfield><subfield code="0">(DE-Frei129)00022830</subfield><subfield code="0">(DE-588)4056459-9</subfield><subfield code="2">gnd</subfield></datafield><datafield tag="650" ind1=" " ind2="7"><subfield code="a">Schuljahr 1-2</subfield><subfield code="0">(DE-Frei129)00074951</subfield><subfield code="0">(DE-588)4205320-1</subfield><subfield code="2">gnd</subfield></datafield><datafield tag="689" ind1="0" ind2="0"><subfield code="0">(DE-588)4056459-9</subfield><subfield code="D">s</subfield><subfield code="a">Spracherziehung </subfield></datafield><datafield tag="689" ind1="0" ind2="1"><subfield code="0">(DE-588)4205320-1</subfield><subfield code="D">s</subfield><subfield code="a">Schuljahr 1-2</subfield><subfield code="5">DE-101</subfield></datafield><datafield tag="700" ind1="1" ind2=" "><subfield code="0">(DE-588)1051485789</subfield><subfield code="0">(DE-Frei129)58080689</subfield><subfield code="a">Kuhlins, Stefanie</subfield><subfield code="4">aut</subfield></datafield><datafield tag="852" ind1=" " ind2=" "><subfield code="a">Frei 129</subfield><subfield code="b">PHFR</subfield><subfield code="c">GB 2958 B921</subfield></datafield><datafield tag="856" ind1="4" ind2=" "><subfield code="8">00</subfield><subfield code="u">http://swbplus.bsz-bw.de/bsz333431278inh.htm</subfield><subfield code="y">Inhaltsverzeichnis</subfield></datafield><datafield tag="856" ind1="4" ind2=" "><subfield code="8">01</subfield><subfield code="u">http://swbplus.bsz-bw.de/bsz333431278cov.htm</subfield><subfield code="y">Verlagsinformation</subfield></datafield><datafield tag="980" ind1="0" ind2=" "><subfield code="a">00213806</subfield><subfield code="9">(PHFR)</subfield><subfield code="b">2.OG (35)</subfield><subfield code="c">GB 2958 B921</subfield><subfield code="d">Standardleihe (01)</subfield><subfield code="e">Verfügbar (X)</subfield></datafield></record>