
<record><leader>03740nam a2200000uu 4500</leader><controlfield tag="001">03004964</controlfield><controlfield tag="003">DE-Frei129</controlfield><controlfield tag="005">20220811084026.0</controlfield><controlfield tag="007">tu</controlfield><controlfield tag="008">100323s2010    ||||||||||||||||||||ger||</controlfield><datafield tag="015" ind1=" " ind2=" "><subfield code="a">10,N08</subfield></datafield><datafield tag="016" ind1="7" ind2=" "><subfield code="a">100020975X</subfield><subfield code="2">DE-101</subfield></datafield><datafield tag="020" ind1=" " ind2=" "><subfield code="a">9783941320185</subfield><subfield code="9">978-3-941320-18-5</subfield><subfield code="c">PB. : EUR 16.90</subfield></datafield><datafield tag="024" ind1="3" ind2=" "><subfield code="a">9783941320185</subfield></datafield><datafield tag="035" ind1=" " ind2=" "><subfield code="a">(DE-576)1602202435</subfield></datafield><datafield tag="041" ind1=" " ind2=" "><subfield code="a">ger</subfield></datafield><datafield tag="044" ind1=" " ind2=" "><subfield code="c">XA-DE-RP</subfield></datafield><datafield tag="100" ind1="1" ind2=" "><subfield code="a">Stephan, Andrea</subfield><subfield code="0">(DE-Frei129)03000543</subfield></datafield><datafield tag="245" ind1="1" ind2="0"><subfield code="a">Erziehen - aber wie?</subfield><subfield code="b">Erziehen kann man lernen</subfield><subfield code="c">Andrea Stephan</subfield></datafield><datafield tag="250" ind1=" " ind2=" "><subfield code="a">3., korr. Aufl.</subfield></datafield><datafield tag="260" ind1="3" ind2=" "><subfield code="a">Landau</subfield><subfield code="b">Verl. Empirische Pädagogik</subfield><subfield code="c">2010</subfield></datafield><datafield tag="300" ind1=" " ind2=" "><subfield code="a">II, 171  Seiten</subfield><subfield code="c">210 mm x 148 mm, 242 gr.</subfield></datafield><datafield tag="490" ind1="1" ind2=" "><subfield code="a">Erziehungswissenschaft </subfield><subfield code="v">14</subfield></datafield><datafield tag="500" ind1=" " ind2=" "><subfield code="a">5090 maschinell aus ähnlichen Titelaufnahmen ergänzt</subfield></datafield><datafield tag="830" ind1=" " ind2="0"><subfield code="a">Erziehungswissenschaft</subfield><subfield code="v">14</subfield><subfield code="w">(DE-Frei129)00194775</subfield><subfield code="9">214</subfield></datafield><datafield tag="852" ind1=" " ind2=" "><subfield code="a">Frei129</subfield><subfield code="c">Paed B 400: 19</subfield></datafield><datafield tag="856" ind1="4" ind2=" "><subfield code="8">00</subfield><subfield code="u">http://www.vep-landau.de/Vorworte/978-3-941320-18-5-Stephan_3.Aufl.pdf</subfield><subfield code="y">Einführung/Vorwort</subfield></datafield><datafield tag="856" ind1="4" ind2=" "><subfield code="8">01</subfield><subfield code="u">http://www.vep-landau.de/Vorworte/978-3-941320-18-5-Stephan_3.Aufl._Einleitung.pdf</subfield><subfield code="y">Einführung/Vorwort</subfield></datafield><datafield tag="856" ind1="4" ind2=" "><subfield code="8">02</subfield><subfield code="u">http://www.vep-landau.de/Inhaltsverzeichnisse/978-3-941320-18-5-Stephan_3.Aufl.pdf</subfield><subfield code="y">Inhaltsverzeichnis</subfield></datafield><datafield tag="856" ind1="4" ind2=" "><subfield code="8">03</subfield><subfield code="u">http://www.vep-landau.de/Vorworte/978-3-941320-18-5-Stephan_3.Aufl.pdf</subfield><subfield code="y">Einfuehrung/Vorwort</subfield></datafield><datafield tag="980" ind1="0" ind2=" "><subfield code="a">00210793</subfield><subfield code="9">(PHFR)</subfield><subfield code="b">EG-Anbau (32)</subfield><subfield code="c">Paed B 400: 19</subfield><subfield code="d">Standardleihe (01)</subfield><subfield code="e">Verfügbar (X)</subfield></datafield></record>