
<record><leader>04489nam a2200000uu 4500</leader><controlfield tag="001">03004958</controlfield><controlfield tag="003">DE-Frei129</controlfield><controlfield tag="005">20220811084026.0</controlfield><controlfield tag="007">tu</controlfield><controlfield tag="008">100602s2010    |||||||||m||||||||||ger||</controlfield><datafield tag="015" ind1=" " ind2=" "><subfield code="a">10,N22</subfield></datafield><datafield tag="016" ind1="7" ind2=" "><subfield code="a">1002864437</subfield><subfield code="2">DE-101</subfield></datafield><datafield tag="020" ind1=" " ind2=" "><subfield code="a">3838201426</subfield><subfield code="9">3838201426</subfield><subfield code="c">PB. : EUR 59.90</subfield></datafield><datafield tag="020" ind1=" " ind2=" "><subfield code="a">9783838201429</subfield><subfield code="9">9783838201429</subfield><subfield code="c">PB. : ca. EUR 59.90</subfield></datafield><datafield tag="024" ind1="3" ind2=" "><subfield code="a">9783838201429</subfield></datafield><datafield tag="035" ind1=" " ind2=" "><subfield code="a">(DE-576)627260519</subfield></datafield><datafield tag="041" ind1=" " ind2=" "><subfield code="a">ger</subfield><subfield code="a">eng</subfield></datafield><datafield tag="044" ind1=" " ind2=" "><subfield code="c">XA-DE-BW</subfield></datafield><datafield tag="100" ind1="1" ind2=" "><subfield code="a">Schufft, Carsten</subfield><subfield code="0">(DE-Frei129)00267893</subfield><subfield code="0">(DE-588)141932570</subfield></datafield><datafield tag="245" ind1="1" ind2="0"><subfield code="a">Fachfremder Unterricht</subfield><subfield code="b">eine Untersuchung an Hauptschulen</subfield><subfield code="c">Carsten Schufft</subfield></datafield><datafield tag="260" ind1="3" ind2=" "><subfield code="a">Stuttgart</subfield><subfield code="b">Ibidem-Verl.</subfield><subfield code="c">2010</subfield></datafield><datafield tag="300" ind1=" " ind2=" "><subfield code="a">523 Seiten</subfield><subfield code="b">graph. Darst.</subfield><subfield code="c">21 cm</subfield></datafield><datafield tag="500" ind1=" " ind2=" "><subfield code="a">Hannover</subfield></datafield><datafield tag="500" ind1=" " ind2=" "><subfield code="a">Zusammenfassung in engl. Sprache</subfield></datafield><datafield tag="500" ind1=" " ind2=" "><subfield code="a">IMD-Felder maschinell generiert (GBV)</subfield></datafield><datafield tag="500" ind1=" " ind2=" "><subfield code="a">Archivierung/Langzeitarchivierung gewährleistet</subfield></datafield><datafield tag="502" ind1=" " ind2=" "><subfield code="a">Zugl.: Hannover, Univ., Diss., 2010</subfield></datafield><datafield tag="650" ind1=" " ind2="7"><subfield code="a">Hauptschule</subfield><subfield code="0">(DE-Frei129)00010638</subfield><subfield code="0">(DE-588)4023683-3</subfield><subfield code="2">gnd</subfield></datafield><datafield tag="650" ind1=" " ind2="7"><subfield code="a">Fachfremder Unterricht</subfield><subfield code="0">(DE-Frei129)00195166</subfield><subfield code="0">(DE-588)7723085-1</subfield><subfield code="2">gnd</subfield></datafield><datafield tag="650" ind1=" " ind2="7"><subfield code="a">Professionalisierung</subfield><subfield code="0">(DE-Frei129)00003349</subfield><subfield code="0">(DE-588)4047376-4</subfield><subfield code="2">gnd</subfield></datafield><datafield tag="689" ind1="0" ind2="0"><subfield code="0">(DE-588)4023683-3</subfield><subfield code="D">s</subfield><subfield code="a">Hauptschule </subfield></datafield><datafield tag="689" ind1="0" ind2="1"><subfield code="0">(DE-588)7723085-1</subfield><subfield code="D">s</subfield><subfield code="a">Fachfremder Unterricht </subfield></datafield><datafield tag="689" ind1="0" ind2="2"><subfield code="0">(DE-588)4047376-4</subfield><subfield code="D">s</subfield><subfield code="a">Professionalisierung</subfield><subfield code="5">DE-101</subfield></datafield><datafield tag="852" ind1=" " ind2=" "><subfield code="a">Frei129</subfield><subfield code="c">Paed S 390: 19</subfield></datafield><datafield tag="856" ind1="4" ind2=" "><subfield code="8">00</subfield><subfield code="u">http://d-nb.info/1002864437/04</subfield><subfield code="y">Inhaltsverzeichnis</subfield></datafield><datafield tag="980" ind1="0" ind2=" "><subfield code="a">00212014</subfield><subfield code="9">(PHFR)</subfield><subfield code="b">EG-Anbau (32)</subfield><subfield code="c">Paed S 390: 19</subfield><subfield code="d">Standardleihe (01)</subfield><subfield code="e">Verfügbar (X)</subfield></datafield></record>