
<record><leader>04387nam a2200000uu 4500</leader><controlfield tag="001">03004903</controlfield><controlfield tag="003">DE-Frei129</controlfield><controlfield tag="005">20220811084027.0</controlfield><controlfield tag="007">tu</controlfield><controlfield tag="008">101007s2010    ||||||||||||||||||||ger||</controlfield><datafield tag="015" ind1=" " ind2=" "><subfield code="a">10,N28</subfield></datafield><datafield tag="016" ind1="7" ind2=" "><subfield code="a">1004243529</subfield><subfield code="2">DE-101</subfield></datafield><datafield tag="020" ind1=" " ind2=" "><subfield code="a">9783637010918</subfield><subfield code="9">9783637010918</subfield><subfield code="c">PB. : EUR 22.80</subfield></datafield><datafield tag="024" ind1="3" ind2=" "><subfield code="a">9783637010918</subfield></datafield><datafield tag="035" ind1=" " ind2=" "><subfield code="a">(DE-576)1605538817</subfield></datafield><datafield tag="041" ind1=" " ind2=" "><subfield code="a">ger</subfield></datafield><datafield tag="044" ind1=" " ind2=" "><subfield code="c">XA-DE-BY</subfield></datafield><datafield tag="245" ind1="1" ind2="0"><subfield code="a">Lesen und Schreiben erfolgreich unterrichten</subfield><subfield code="b">Wege im sprachlichen Anfangsunterricht</subfield><subfield code="c">Anja Wildemann</subfield></datafield><datafield tag="260" ind1="3" ind2=" "><subfield code="a">München</subfield><subfield code="b">Vogel Business Media</subfield><subfield code="c">2010</subfield></datafield><datafield tag="300" ind1=" " ind2=" "><subfield code="a">179 Seiten</subfield><subfield code="b">Ill.</subfield><subfield code="c">250 mm x 210 mm</subfield></datafield><datafield tag="490" ind1="0" ind2=" "><subfield code="a">Oldenbourg Fortbildung</subfield></datafield><datafield tag="650" ind1=" " ind2="7"><subfield code="a">Anfangsunterricht</subfield><subfield code="0">(DE-Frei129)00028573</subfield><subfield code="0">(DE-588)4142406-2</subfield><subfield code="2">gnd</subfield></datafield><datafield tag="650" ind1=" " ind2="7"><subfield code="a">Erstleseunterricht</subfield><subfield code="0">(DE-Frei129)00008086</subfield><subfield code="0">(DE-588)4070935-8</subfield><subfield code="2">gnd</subfield></datafield><datafield tag="650" ind1=" " ind2="7"><subfield code="a">Schriftsprache</subfield><subfield code="0">(DE-Frei129)00032539</subfield><subfield code="0">(DE-588)4129492-0</subfield><subfield code="2">gnd</subfield></datafield><datafield tag="650" ind1=" " ind2="7"><subfield code="a">Spracherwerb</subfield><subfield code="0">(DE-Frei129)00013303</subfield><subfield code="0">(DE-588)4056458-7</subfield><subfield code="2">gnd</subfield></datafield><datafield tag="689" ind1="0" ind2="0"><subfield code="0">(DE-588)4142406-2</subfield><subfield code="D">s</subfield><subfield code="a">Anfangsunterricht </subfield></datafield><datafield tag="689" ind1="0" ind2="1"><subfield code="0">(DE-588)4070935-8</subfield><subfield code="D">s</subfield><subfield code="a">Erstleseunterricht </subfield></datafield><datafield tag="689" ind1="0" ind2="2"><subfield code="0">(DE-588)4129492-0</subfield><subfield code="D">s</subfield><subfield code="a">Schriftsprache </subfield></datafield><datafield tag="689" ind1="0" ind2="3"><subfield code="0">(DE-588)4056458-7</subfield><subfield code="D">s</subfield><subfield code="a">Spracherwerb</subfield><subfield code="5">DE-101</subfield></datafield><datafield tag="700" ind1="1" ind2=" "><subfield code="0">(DE-588)124828639</subfield><subfield code="0">(DE-Frei129)00530370</subfield><subfield code="a">Wildemann, Anja</subfield><subfield code="4">aut</subfield></datafield><datafield tag="852" ind1=" " ind2=" "><subfield code="a">Frei 129</subfield><subfield code="b">PHFR</subfield><subfield code="c">GB 2922 W672 L6</subfield></datafield><datafield tag="856" ind1="4" ind2=" "><subfield code="8">00</subfield><subfield code="u">http://deposit.d-nb.de/cgi-bin/dokserv?id=3501463&amp;prov=M&amp;dok_var=1&amp;dok_ext=htm</subfield><subfield code="y">Inhaltstext</subfield></datafield><datafield tag="980" ind1="0" ind2=" "><subfield code="a">00211940</subfield><subfield code="9">(PHFR)</subfield><subfield code="b">2.OG (35)</subfield><subfield code="c">GB 2922 W672 L6</subfield><subfield code="d">Standardleihe (01)</subfield><subfield code="e">ausgeliehen (A) - Fälligkeitsdatum: 01.09.2022</subfield></datafield></record>