
<record><leader>06228nam a2200000uu 4500</leader><controlfield tag="001">03004806</controlfield><controlfield tag="003">DE-Frei129</controlfield><controlfield tag="005">20220811084027.0</controlfield><controlfield tag="007">tu</controlfield><controlfield tag="008">100602s2010    |||||||||m||||||||||ger||</controlfield><datafield tag="015" ind1=" " ind2=" "><subfield code="a">10,A30</subfield></datafield><datafield tag="016" ind1="7" ind2=" "><subfield code="a">1002957338</subfield><subfield code="2">DE-101</subfield></datafield><datafield tag="020" ind1=" " ind2=" "><subfield code="a">9783631598832</subfield><subfield code="9">9783631598832</subfield><subfield code="c">Pp. : EUR 47.80 (DE), EUR 49.20 (AT), sfr 70.00 (freier Pr.)</subfield></datafield><datafield tag="024" ind1="3" ind2=" "><subfield code="a">9783631598832</subfield></datafield><datafield tag="035" ind1=" " ind2=" "><subfield code="a">(DE-576)627264301</subfield></datafield><datafield tag="041" ind1=" " ind2=" "><subfield code="a">ger</subfield></datafield><datafield tag="044" ind1=" " ind2=" "><subfield code="c">XA-DE</subfield><subfield code="c">XA-CH</subfield><subfield code="c">XA-BE</subfield></datafield><datafield tag="245" ind1="1" ind2="0"><subfield code="a">Bilingualer Geschichtsunterricht im internationalen Fokus</subfield><subfield code="b">eine Vergleichsstudie zur Unterrichtspraxis in Deutschland und Hongkong</subfield><subfield code="c">Ulrich Wannagat</subfield></datafield><datafield tag="260" ind1="3" ind2=" "><subfield code="a">Frankfurt, M. ; Berlin ; Bern ; Bruxelles ; New York, NY ; Oxford ; Wien</subfield><subfield code="b">Lang</subfield><subfield code="c">2010</subfield></datafield><datafield tag="300" ind1=" " ind2=" "><subfield code="a">248 Seiten</subfield><subfield code="b">graph. Darst.</subfield><subfield code="c">210 mm x 148 mm</subfield><subfield code="e">1 CD-ROM (12 cm)</subfield></datafield><datafield tag="490" ind1="1" ind2=" "><subfield code="a">Mehrsprachigkeit in Schule und Unterricht </subfield><subfield code="v">Bd. 11</subfield></datafield><datafield tag="500" ind1=" " ind2=" "><subfield code="a">Wuppertal</subfield></datafield><datafield tag="500" ind1=" " ind2=" "><subfield code="a">IMD-Felder maschinell generiert (GBV)</subfield></datafield><datafield tag="502" ind1=" " ind2=" "><subfield code="a">Zugl.: Wuppertal, Univ., Diss., 2009</subfield></datafield><datafield tag="610" ind1="1" ind2="7"><subfield code="a">Hongkong</subfield><subfield code="0">(DE-Frei129)00011397</subfield><subfield code="0">(DE-588)4025822-1</subfield><subfield code="2">gnd</subfield></datafield><datafield tag="650" ind1=" " ind2="7"><subfield code="a">Geschichtsunterricht</subfield><subfield code="0">(DE-Frei129)00009518</subfield><subfield code="0">(DE-588)4020533-2</subfield><subfield code="2">gnd</subfield></datafield><datafield tag="650" ind1=" " ind2="7"><subfield code="a">Zweisprachiger Unterricht</subfield><subfield code="0">(DE-Frei129)00120704</subfield><subfield code="0">(DE-588)7581317-8</subfield><subfield code="2">gnd</subfield></datafield><datafield tag="650" ind1=" " ind2="7"><subfield code="a">Englisch</subfield><subfield code="0">(DE-Frei129)00006961</subfield><subfield code="0">(DE-588)4014777-0</subfield><subfield code="2">gnd</subfield></datafield><datafield tag="650" ind1=" " ind2="7"><subfield code="a">Zweisprachiger Unterricht</subfield><subfield code="0">(DE-Frei129)00120704</subfield><subfield code="0">(DE-588)7581317-8</subfield><subfield code="2">gnd</subfield></datafield><datafield tag="650" ind1=" " ind2="7"><subfield code="a">Geschichtsunterricht</subfield><subfield code="0">(DE-Frei129)00009518</subfield><subfield code="0">(DE-588)4020533-2</subfield><subfield code="2">gnd</subfield></datafield><datafield tag="651" ind1=" " ind2="7"><subfield code="a">Deutschland</subfield><subfield code="0">(DE-Frei129)00005806</subfield><subfield code="0">(DE-588)4011882-4</subfield><subfield code="2">gnd</subfield></datafield><datafield tag="689" ind1="0" ind2="0"><subfield code="0">(DE-588)4011882-4</subfield><subfield code="D">g</subfield><subfield code="a">Deutschland </subfield></datafield><datafield tag="689" ind1="0" ind2="1"><subfield code="0">(DE-588)4025822-1</subfield><subfield code="D">g</subfield><subfield code="a">Hongkong </subfield></datafield><datafield tag="689" ind1="0" ind2="2"><subfield code="0">(DE-588)4014777-0</subfield><subfield code="D">s</subfield><subfield code="a">Englisch </subfield></datafield><datafield tag="689" ind1="0" ind2="3"><subfield code="0">(DE-588)7581317-8</subfield><subfield code="D">s</subfield><subfield code="a">Zweisprachiger Unterricht </subfield></datafield><datafield tag="689" ind1="0" ind2="4"><subfield code="0">(DE-588)4020533-2</subfield><subfield code="D">s</subfield><subfield code="a">Geschichtsunterricht</subfield><subfield code="5">DE-101</subfield></datafield><datafield tag="700" ind1="1" ind2=" "><subfield code="0">(DE-588)104779136</subfield><subfield code="0">(DE-Frei129)58127498</subfield><subfield code="a">Wannagat, Ulrich</subfield><subfield code="4">aut</subfield></datafield><datafield tag="830" ind1=" " ind2="0"><subfield code="a">Mehrsprachigkeit in Schule und Unterricht</subfield><subfield code="v">Bd. 11</subfield><subfield code="w">(DE-Frei129)00247491</subfield><subfield code="9">211</subfield></datafield><datafield tag="852" ind1=" " ind2=" "><subfield code="a">Frei 129</subfield><subfield code="b">PHFR</subfield><subfield code="c">NB 8100 W249</subfield></datafield><datafield tag="856" ind1="4" ind2=" "><subfield code="8">00</subfield><subfield code="u">http://d-nb.info/1002957338/04</subfield><subfield code="y">Inhaltsverzeichnis</subfield></datafield><datafield tag="856" ind1="4" ind2=" "><subfield code="8">01</subfield><subfield code="u">http://d-nb.info/1002957338/04</subfield><subfield code="y">Inhaltsverzeichnis</subfield></datafield><datafield tag="980" ind1="0" ind2=" "><subfield code="a">00212867</subfield><subfield code="9">(PHFR)</subfield><subfield code="b">UG (33)</subfield><subfield code="c">NB 8100 W249</subfield><subfield code="d">Standardleihe (01)</subfield><subfield code="e">Verfügbar (X)</subfield></datafield></record>