
<record><leader>04697nam a2200000uu 4500</leader><controlfield tag="001">03004797</controlfield><controlfield tag="003">DE-Frei129</controlfield><controlfield tag="005">20220811084027.0</controlfield><controlfield tag="007">tu</controlfield><controlfield tag="008">100602s2010    ||||||||||||||||||||ger||</controlfield><datafield tag="015" ind1=" " ind2=" "><subfield code="a">10,A41</subfield></datafield><datafield tag="016" ind1="7" ind2=" "><subfield code="a">1003005780</subfield><subfield code="2">DE-101</subfield></datafield><datafield tag="020" ind1=" " ind2=" "><subfield code="a">9783834607515</subfield><subfield code="9">9783834607515</subfield><subfield code="c">kart. : EUR 20.90 (DE), EUR 21.50 (AT), sfr 36.60 (freier Pr.)</subfield></datafield><datafield tag="024" ind1="3" ind2=" "><subfield code="a">9783834607515</subfield></datafield><datafield tag="035" ind1=" " ind2=" "><subfield code="a">(DE-576)627272525</subfield></datafield><datafield tag="041" ind1=" " ind2=" "><subfield code="a">ger</subfield></datafield><datafield tag="044" ind1=" " ind2=" "><subfield code="c">XA-DE-NW</subfield></datafield><datafield tag="100" ind1="1" ind2=" "><subfield code="a">Dassler, Stefan</subfield><subfield code="0">(DE-Frei129)00267511</subfield><subfield code="0">(DE-588)115213449</subfield></datafield><datafield tag="245" ind1="1" ind2="0"><subfield code="a">Kein Job in Sicht?</subfield><subfield code="b">Informationen, Strategien, Perspektiven ; Materialien für Jugendliche</subfield><subfield code="c">Stefan Dassler</subfield></datafield><datafield tag="260" ind1="3" ind2=" "><subfield code="a">Mülheim an der Ruhr</subfield><subfield code="b">Verl. an der Ruhr</subfield><subfield code="c">2010</subfield></datafield><datafield tag="300" ind1=" " ind2=" "><subfield code="a">123 Seiten</subfield><subfield code="b">Ill., graph. Darst.</subfield><subfield code="c">297 mm x 210 mm</subfield></datafield><datafield tag="500" ind1=" " ind2=" "><subfield code="a">Literaturangaben</subfield></datafield><datafield tag="500" ind1=" " ind2=" "><subfield code="a">IMD-Felder maschinell generiert (GBV)</subfield></datafield><datafield tag="650" ind1=" " ind2="7"><subfield code="a">Jugendlicher Arbeitsloser</subfield><subfield code="0">(DE-Frei129)00012699</subfield><subfield code="0">(DE-588)4140756-8</subfield><subfield code="2">gnd</subfield></datafield><datafield tag="650" ind1=" " ind2="7"><subfield code="a">Berufliche Integration</subfield><subfield code="0">(DE-Frei129)00027602</subfield><subfield code="0">(DE-588)4069332-6</subfield><subfield code="2">gnd</subfield></datafield><datafield tag="650" ind1=" " ind2="7"><subfield code="a">Soziale Situation</subfield><subfield code="0">(DE-Frei129)00001916</subfield><subfield code="0">(DE-588)4077575-6</subfield><subfield code="2">gnd</subfield></datafield><datafield tag="651" ind1=" " ind2="7"><subfield code="a">Deutschland</subfield><subfield code="0">(DE-Frei129)00005806</subfield><subfield code="0">(DE-588)4011882-4</subfield><subfield code="2">gnd</subfield></datafield><datafield tag="689" ind1="0" ind2="0"><subfield code="0">(DE-588)4011882-4</subfield><subfield code="D">g</subfield><subfield code="a">Deutschland </subfield></datafield><datafield tag="689" ind1="0" ind2="1"><subfield code="0">(DE-588)4140756-8</subfield><subfield code="D">s</subfield><subfield code="a">Jugendlicher Arbeitsloser </subfield></datafield><datafield tag="689" ind1="0" ind2="2"><subfield code="0">(DE-588)4069332-6</subfield><subfield code="D">s</subfield><subfield code="a">Berufliche Integration </subfield></datafield><datafield tag="689" ind1="0" ind2="3"><subfield code="0">(DE-588)4077575-6</subfield><subfield code="D">s</subfield><subfield code="a">Soziale Situation</subfield><subfield code="5">DE-101</subfield></datafield><datafield tag="852" ind1=" " ind2=" "><subfield code="a">Frei129</subfield><subfield code="c">Paed O 150: 200</subfield></datafield><datafield tag="856" ind1="4" ind2=" "><subfield code="8">00</subfield><subfield code="u">http://deposit.d-nb.de/cgi-bin/dokserv?id=3484823&amp;prov=M&amp;dok_var=1&amp;dok_ext=htm</subfield><subfield code="y">Inhaltstext</subfield></datafield><datafield tag="856" ind1="4" ind2=" "><subfield code="8">01</subfield><subfield code="u">http://d-nb.info/1003005780/04</subfield><subfield code="y">Verlagsinformation</subfield></datafield><datafield tag="980" ind1="0" ind2=" "><subfield code="a">00213959</subfield><subfield code="9">(PHFR)</subfield><subfield code="b">EG-Anbau (32)</subfield><subfield code="c">Paed O 150: 200</subfield><subfield code="d">Standardleihe (01)</subfield><subfield code="e">Verfügbar (X)</subfield></datafield></record>