
<record><leader>04820nam a2200000uu 4500</leader><controlfield tag="001">03004741</controlfield><controlfield tag="003">DE-Frei129</controlfield><controlfield tag="005">20220811084027.0</controlfield><controlfield tag="007">tu</controlfield><controlfield tag="008">100706s2010    ||||||||||||||||||||ger||</controlfield><datafield tag="015" ind1=" " ind2=" "><subfield code="a">10,N17</subfield></datafield><datafield tag="016" ind1="7" ind2=" "><subfield code="a">1001833198</subfield><subfield code="2">DE-101</subfield></datafield><datafield tag="020" ind1=" " ind2=" "><subfield code="a">9783466308828</subfield><subfield code="9">978-3-466-30882-8</subfield><subfield code="c">GB. : ca. EUR 17.95, ca. EUR 18.50 (AT), ca. sfr 31.90 (freier Pr.)</subfield></datafield><datafield tag="024" ind1="3" ind2=" "><subfield code="a">9783466308828</subfield></datafield><datafield tag="035" ind1=" " ind2=" "><subfield code="a">(DE-576)62489942X</subfield></datafield><datafield tag="041" ind1=" " ind2=" "><subfield code="a">ger</subfield></datafield><datafield tag="044" ind1=" " ind2=" "><subfield code="c">XA-DE-BY</subfield></datafield><datafield tag="100" ind1="1" ind2=" "><subfield code="a">Weiner, Christine</subfield><subfield code="0">(DE-Frei129)00267503</subfield><subfield code="0">(DE-588)124785654</subfield></datafield><datafield tag="245" ind1="1" ind2="0"><subfield code="a">Als Erzieherin gelassen und erfolgreich</subfield><subfield code="b">fit im Beruf durch Selbst-Coaching</subfield><subfield code="c">Christine Weiner</subfield></datafield><datafield tag="260" ind1="3" ind2=" "><subfield code="a">München</subfield><subfield code="b">Kösel</subfield><subfield code="c">2010</subfield></datafield><datafield tag="300" ind1=" " ind2=" "><subfield code="a">205  Seiten</subfield><subfield code="b">Ill.</subfield><subfield code="c">215 mm x 145 mm</subfield></datafield><datafield tag="500" ind1=" " ind2=" "><subfield code="a">5090: ddsu/sred</subfield></datafield><datafield tag="650" ind1=" " ind2="7"><subfield code="a">Erzieher</subfield><subfield code="0">(DE-Frei129)00007307</subfield><subfield code="0">(DE-588)4015479-8</subfield><subfield code="2">gnd</subfield></datafield><datafield tag="650" ind1=" " ind2="7"><subfield code="a">Beruf</subfield><subfield code="0">(DE-Frei129)00002996</subfield><subfield code="0">(DE-588)4005857-8</subfield><subfield code="2">gnd</subfield></datafield><datafield tag="650" ind1=" " ind2="7"><subfield code="a">Selbstmanagement</subfield><subfield code="0">(DE-Frei129)00091215</subfield><subfield code="0">(DE-588)4324980-2</subfield><subfield code="2">gnd</subfield></datafield><datafield tag="650" ind1=" " ind2="7"><subfield code="a">Erzieherpersönlichkeit</subfield><subfield code="0">(DE-Frei129)00056618</subfield><subfield code="0">(DE-588)4152984-4</subfield><subfield code="2">gnd</subfield></datafield><datafield tag="689" ind1="0" ind2="0"><subfield code="0">(DE-588)4015479-8</subfield><subfield code="D">s</subfield><subfield code="a">Erzieher </subfield></datafield><datafield tag="689" ind1="0" ind2="1"><subfield code="0">(DE-588)4005857-8</subfield><subfield code="D">s</subfield><subfield code="a">Beruf </subfield></datafield><datafield tag="689" ind1="0" ind2="2"><subfield code="0">(DE-588)4324980-2</subfield><subfield code="D">s</subfield><subfield code="a">Selbstmanagement </subfield></datafield><datafield tag="689" ind1="0" ind2="3"><subfield code="0">(DE-588)4152984-4</subfield><subfield code="D">s</subfield><subfield code="a">Erzieherpersönlichkeit</subfield><subfield code="5">DE-101</subfield></datafield><datafield tag="776" ind1="0" ind2="8"><subfield code="a">Christine Weiner</subfield><subfield code="i">Erscheint auch als Online-Ausgabe</subfield><subfield code="t">Als Erzieherin gelassen und erfolgreich</subfield><subfield code="w">(DE-Frei129)03174791</subfield><subfield code="w">(DE-576)165488412X</subfield></datafield><datafield tag="852" ind1=" " ind2=" "><subfield code="a">Frei129</subfield><subfield code="c">Paed G 940: 118</subfield></datafield><datafield tag="856" ind1="4" ind2=" "><subfield code="8">00</subfield><subfield code="u">http://deposit.d-nb.de/cgi-bin/dokserv?id=3459932&amp;prov=M&amp;dok_var=1&amp;dok_ext=htm</subfield><subfield code="y">Inhaltstext</subfield></datafield><datafield tag="856" ind1="4" ind2=" "><subfield code="8">01</subfield><subfield code="u">http://d-nb.info/1001833198/04</subfield><subfield code="y">Inhaltsverzeichnis</subfield></datafield><datafield tag="980" ind1="0" ind2=" "><subfield code="a">00212436</subfield><subfield code="9">(PHFR)</subfield><subfield code="b">EG-Anbau (32)</subfield><subfield code="c">Paed G 940: 118</subfield><subfield code="d">Standardleihe (01)</subfield><subfield code="e">Verfügbar (X)</subfield></datafield></record>