
<record><leader>04357nam a2200000uu 4500</leader><controlfield tag="001">03004611</controlfield><controlfield tag="003">DE-Frei129</controlfield><controlfield tag="005">20220811084027.0</controlfield><controlfield tag="007">tu</controlfield><controlfield tag="008">100825s2010    ||||||||||||||||||||ger||</controlfield><datafield tag="015" ind1=" " ind2=" "><subfield code="a">10,N34</subfield></datafield><datafield tag="016" ind1="7" ind2=" "><subfield code="a">1005906718</subfield><subfield code="2">DE-101</subfield></datafield><datafield tag="020" ind1=" " ind2=" "><subfield code="a">9783828823808</subfield><subfield code="9">9783828823808</subfield><subfield code="c">PB. : EUR 24.90, EUR 24.90 (AT), sfr 38.10 (freier Pr.)</subfield></datafield><datafield tag="024" ind1="3" ind2=" "><subfield code="a">9783828823808</subfield></datafield><datafield tag="035" ind1=" " ind2=" "><subfield code="a">(DE-576)633828432</subfield></datafield><datafield tag="041" ind1=" " ind2=" "><subfield code="a">ger</subfield></datafield><datafield tag="044" ind1=" " ind2=" "><subfield code="c">XA-DE-HE</subfield></datafield><datafield tag="245" ind1="1" ind2="0"><subfield code="a">Lernen in Jugendszenen</subfield><subfield code="b">ein Ausweg aus sozialer Ungleichheit im Bildungssystem?</subfield><subfield code="c">Anna Magdalena Ruile</subfield></datafield><datafield tag="260" ind1="3" ind2=" "><subfield code="a">Marburg</subfield><subfield code="b">Tectum-Verl.</subfield><subfield code="c">2010</subfield></datafield><datafield tag="300" ind1=" " ind2=" "><subfield code="a">127 Seiten</subfield><subfield code="c">210 mm x 148 mm</subfield></datafield><datafield tag="500" ind1=" " ind2=" "><subfield code="a">Literaturverz. S. 121 - 125</subfield></datafield><datafield tag="500" ind1=" " ind2=" "><subfield code="a">IMD-Felder maschinell generiert (GBV)</subfield></datafield><datafield tag="650" ind1=" " ind2="7"><subfield code="a">Jugendkultur</subfield><subfield code="0">(DE-Frei129)00019869</subfield><subfield code="0">(DE-588)4114114-3</subfield><subfield code="2">gnd</subfield></datafield><datafield tag="650" ind1=" " ind2="7"><subfield code="a">Lernort</subfield><subfield code="0">(DE-Frei129)00015271</subfield><subfield code="0">(DE-588)4035419-2</subfield><subfield code="2">gnd</subfield></datafield><datafield tag="650" ind1=" " ind2="7"><subfield code="a">Soziale Ungleichheit</subfield><subfield code="0">(DE-Frei129)00022449</subfield><subfield code="0">(DE-588)4055736-4</subfield><subfield code="2">gnd</subfield></datafield><datafield tag="650" ind1=" " ind2="7"><subfield code="a">Bildungswesen</subfield><subfield code="0">(DE-Frei129)00003927</subfield><subfield code="0">(DE-588)4006681-2</subfield><subfield code="2">gnd</subfield></datafield><datafield tag="689" ind1="0" ind2="0"><subfield code="0">(DE-588)4114114-3</subfield><subfield code="D">s</subfield><subfield code="a">Jugendkultur </subfield></datafield><datafield tag="689" ind1="0" ind2="1"><subfield code="0">(DE-588)4035419-2</subfield><subfield code="D">s</subfield><subfield code="a">Lernort </subfield></datafield><datafield tag="689" ind1="0" ind2="2"><subfield code="0">(DE-588)4055736-4</subfield><subfield code="D">s</subfield><subfield code="a">Soziale Ungleichheit </subfield></datafield><datafield tag="689" ind1="0" ind2="3"><subfield code="0">(DE-588)4006681-2</subfield><subfield code="D">s</subfield><subfield code="a">Bildungswesen</subfield><subfield code="5">DE-101</subfield></datafield><datafield tag="700" ind1="1" ind2=" "><subfield code="0">(DE-Frei129)00273767</subfield><subfield code="a">Ruile, Anna Magdalena</subfield><subfield code="4">aut</subfield></datafield><datafield tag="852" ind1=" " ind2=" "><subfield code="a">Frei129</subfield><subfield code="c">Paed A 600: 39</subfield></datafield><datafield tag="856" ind1="4" ind2=" "><subfield code="8">00</subfield><subfield code="u">http://www.socialnet.de/rezensionen/isbn.php?isbn=978-3-8288-2380-8</subfield><subfield code="y">Rezension</subfield></datafield><datafield tag="980" ind1="0" ind2=" "><subfield code="a">00211435</subfield><subfield code="9">(PHFR)</subfield><subfield code="b">EG-Anbau (32)</subfield><subfield code="c">Paed A 600: 39</subfield><subfield code="d">Standardleihe (01)</subfield><subfield code="e">Verfügbar (X)</subfield></datafield></record>