
<record><leader>04706nam a2200000uu 4500</leader><controlfield tag="001">03004579</controlfield><controlfield tag="003">DE-Frei129</controlfield><controlfield tag="005">20220811084027.0</controlfield><controlfield tag="007">tu</controlfield><controlfield tag="008">090617s2010    ||||||||||||||||||||ger||</controlfield><datafield tag="015" ind1=" " ind2=" "><subfield code="a">09,N26,0345</subfield></datafield><datafield tag="016" ind1="7" ind2=" "><subfield code="a">994610858</subfield><subfield code="2">DE-101</subfield></datafield><datafield tag="020" ind1=" " ind2=" "><subfield code="a">9783037770801</subfield><subfield code="9">9783037770801</subfield><subfield code="c">kart. : EUR 32.00, sfr 48.00 (freier Pr.)</subfield></datafield><datafield tag="024" ind1="3" ind2=" "><subfield code="a">9783037770801</subfield></datafield><datafield tag="035" ind1=" " ind2=" "><subfield code="a">(DE-576)601999126</subfield></datafield><datafield tag="041" ind1=" " ind2=" "><subfield code="a">ger</subfield><subfield code="a">eng</subfield><subfield code="a">fre</subfield></datafield><datafield tag="044" ind1=" " ind2=" "><subfield code="c">XA-CH</subfield></datafield><datafield tag="245" ind1="1" ind2="0"><subfield code="a">Sprachen lernen - lernen durch Sprache</subfield><subfield code="c">Franziska Bitter Bättig; Albert Tanner (Hrsg.)</subfield></datafield><datafield tag="260" ind1="3" ind2=" "><subfield code="a">Zürich</subfield><subfield code="b">Seismo Verl.</subfield><subfield code="c">2010</subfield></datafield><datafield tag="300" ind1=" " ind2=" "><subfield code="a">346 Seiten</subfield><subfield code="b">graph. Darst.</subfield><subfield code="c">23 cm</subfield></datafield><datafield tag="500" ind1=" " ind2=" "><subfield code="a">Literaturangaben</subfield></datafield><datafield tag="500" ind1=" " ind2=" "><subfield code="a">Beitr. teilw. dt., teilw. engl., teilw. franz.</subfield></datafield><datafield tag="500" ind1=" " ind2=" "><subfield code="a">IMD-Felder maschinell generiert (GBV)</subfield></datafield><datafield tag="650" ind1=" " ind2="7"><subfield code="a">Fremdsprachenunterricht</subfield><subfield code="0">(DE-Frei129)00008718</subfield><subfield code="0">(DE-588)4018428-6</subfield><subfield code="2">gnd</subfield></datafield><datafield tag="650" ind1=" " ind2="7"><subfield code="a">Fremdsprachenlernen</subfield><subfield code="0">(DE-Frei129)00028815</subfield><subfield code="0">(DE-588)4071461-5</subfield><subfield code="2">gnd</subfield></datafield><datafield tag="650" ind1=" " ind2="7"><subfield code="a">Mehrsprachigkeit</subfield><subfield code="0">(DE-Frei129)00016327</subfield><subfield code="0">(DE-588)4038403-2</subfield><subfield code="2">gnd</subfield></datafield><datafield tag="689" ind1="0" ind2="0"><subfield code="0">(DE-588)4018428-6</subfield><subfield code="D">s</subfield><subfield code="a">Fremdsprachenunterricht </subfield></datafield><datafield tag="689" ind1="0" ind2="1"><subfield code="0">(DE-588)4071461-5</subfield><subfield code="D">s</subfield><subfield code="a">Fremdsprachenlernen </subfield></datafield><datafield tag="689" ind1="0" ind2="2"><subfield code="0">(DE-588)4038403-2</subfield><subfield code="D">s</subfield><subfield code="a">Mehrsprachigkeit</subfield><subfield code="5">DE-101</subfield></datafield><datafield tag="700" ind1="1" ind2=" "><subfield code="0">(DE-588)120505061</subfield><subfield code="0">(DE-Frei129)00256756</subfield><subfield code="a">Bitter Bättig, Franziska</subfield><subfield code="4">Hrsg.</subfield></datafield><datafield tag="700" ind1="1" ind2=" "><subfield code="0">(DE-Frei129)00054963</subfield><subfield code="a">Tanner, Albert</subfield><subfield code="4">Hrsg.</subfield></datafield><datafield tag="852" ind1=" " ind2=" "><subfield code="a">Frei 129</subfield><subfield code="b">PHFR</subfield><subfield code="c">ES 862 B624</subfield></datafield><datafield tag="856" ind1="4" ind2=" "><subfield code="8">00</subfield><subfield code="u">http://d-nb.info/994610858/04</subfield><subfield code="y">Inhaltsverzeichnis</subfield></datafield><datafield tag="856" ind1="4" ind2=" "><subfield code="8">01</subfield><subfield code="u">http://bvbr.bib-bvb.de:8991/F?func=service&amp;doc_library=BVB01&amp;doc_number=018624115&amp;line_number=0001&amp;func_code=DB_RECORDS&amp;service_type=MEDIA</subfield><subfield code="y">Verlagsinformation</subfield></datafield><datafield tag="980" ind1="0" ind2=" "><subfield code="a">00220178</subfield><subfield code="9">(PHFR)</subfield><subfield code="b">2.OG (35)</subfield><subfield code="c">ES 862 B624</subfield><subfield code="d">Standardleihe (01)</subfield><subfield code="e">Verfügbar (X)</subfield></datafield></record>