
<record><leader>05159nam a2200000uu 4500</leader><controlfield tag="001">03003854</controlfield><controlfield tag="003">DE-Frei129</controlfield><controlfield tag="005">20220811084027.0</controlfield><controlfield tag="007">tu</controlfield><controlfield tag="008">101103s2010    ||||||||||||||||||||ger||</controlfield><datafield tag="015" ind1=" " ind2=" "><subfield code="a">10,A37</subfield></datafield><datafield tag="016" ind1="7" ind2=" "><subfield code="a">1002960819</subfield><subfield code="2">DE-101</subfield></datafield><datafield tag="020" ind1=" " ind2=" "><subfield code="a">9783834606938</subfield><subfield code="9">978-3-8346-0693-8</subfield><subfield code="c">kart. : EUR 7.90 (DE), EUR 8.10 (AT), sfr 14.50 (freier Pr.)</subfield></datafield><datafield tag="024" ind1="3" ind2=" "><subfield code="a">9783834606938</subfield></datafield><datafield tag="035" ind1=" " ind2=" "><subfield code="a">(DE-576)1606217291</subfield></datafield><datafield tag="041" ind1=" " ind2=" "><subfield code="a">ger</subfield></datafield><datafield tag="044" ind1=" " ind2=" "><subfield code="c">XA-DE-NW</subfield></datafield><datafield tag="245" ind1="1" ind2="0"><subfield code="a">Wochenplanarbeit in der Grundschule</subfield><subfield code="c">Alexandra Ferrarÿ</subfield></datafield><datafield tag="260" ind1="3" ind2=" "><subfield code="a">Mülheim an der Ruhr</subfield><subfield code="b">Verl. an der Ruhr</subfield><subfield code="c">2010</subfield></datafield><datafield tag="300" ind1=" " ind2=" "><subfield code="a">87  Seiten</subfield><subfield code="b">Ill., graph. Darst.</subfield><subfield code="c">16 cm</subfield></datafield><datafield tag="490" ind1="1" ind2=" "><subfield code="a">Pocket-Ratgeber Schule </subfield><subfield code="v">4</subfield></datafield><datafield tag="500" ind1=" " ind2=" "><subfield code="a">Literaturangaben</subfield></datafield><datafield tag="650" ind1=" " ind2="7"><subfield code="a">Lehrer</subfield><subfield code="0">(DE-Frei129)00005864</subfield><subfield code="0">(DE-588)4035088-5</subfield><subfield code="2">gnd</subfield></datafield><datafield tag="650" ind1=" " ind2="7"><subfield code="a">Grundschule</subfield><subfield code="0">(DE-Frei129)00010240</subfield><subfield code="0">(DE-588)4022349-8</subfield><subfield code="2">gnd</subfield></datafield><datafield tag="650" ind1=" " ind2="7"><subfield code="a">Wochenplan</subfield><subfield code="0">(DE-Frei129)00070822</subfield><subfield code="0">(DE-588)4190143-5</subfield><subfield code="2">gnd</subfield></datafield><datafield tag="655" ind1=" " ind2="7"><subfield code="a">Ratgeber</subfield><subfield code="0">(DE-Frei129)00000013</subfield><subfield code="2">local</subfield></datafield><datafield tag="689" ind1="0" ind2="0"><subfield code="0">(DE-588)4035088-5</subfield><subfield code="D">s</subfield><subfield code="a">Lehrer </subfield></datafield><datafield tag="689" ind1="0" ind2="1"><subfield code="0">(DE-588)4022349-8</subfield><subfield code="D">s</subfield><subfield code="a">Grundschule </subfield></datafield><datafield tag="689" ind1="0" ind2="2"><subfield code="0">(DE-588)4190143-5</subfield><subfield code="D">s</subfield><subfield code="a">Wochenplan </subfield></datafield><datafield tag="689" ind1="0" ind2="3"><subfield code="A">s</subfield><subfield code="a">Ratgeber</subfield><subfield code="5">DE-101</subfield></datafield><datafield tag="700" ind1="1" ind2=" "><subfield code="0">(DE-Frei129)00256863</subfield><subfield code="a">Ferrarÿ, Alexandra</subfield><subfield code="4">aut</subfield></datafield><datafield tag="830" ind1=" " ind2="0"><subfield code="a">Pocket-Ratgeber Schule</subfield><subfield code="v">4</subfield><subfield code="w">(DE-Frei129)00591204</subfield><subfield code="9">14</subfield></datafield><datafield tag="852" ind1=" " ind2=" "><subfield code="a">Frei129</subfield><subfield code="c">Paed H 540: 197 b</subfield></datafield><datafield tag="856" ind1="4" ind2=" "><subfield code="8">00</subfield><subfield code="u">http://d-nb.info/1002960819/04</subfield><subfield code="y">Inhaltsverzeichnis</subfield></datafield><datafield tag="980" ind1="0" ind2=" "><subfield code="a">00214293</subfield><subfield code="9">(PHFR)</subfield><subfield code="b">EG-Anbau (32)</subfield><subfield code="c">Paed H 540: 197</subfield><subfield code="d">Standardleihe (01)</subfield><subfield code="e">ausgeliehen (A) - Fälligkeitsdatum: 23.08.2022</subfield></datafield><datafield tag="980" ind1="0" ind2=" "><subfield code="a">00232272</subfield><subfield code="9">(PHFR)</subfield><subfield code="b">EG-Anbau (32)</subfield><subfield code="c">Paed H 540: 197 a</subfield><subfield code="d">Präsenzbestand II (51)</subfield><subfield code="e">Verfügbar (X)</subfield></datafield><datafield tag="980" ind1="0" ind2=" "><subfield code="a">00232280</subfield><subfield code="9">(PHFR)</subfield><subfield code="b">EG-Anbau (32)</subfield><subfield code="c">Paed H 540: 197 b</subfield><subfield code="d">Standardleihe (01)</subfield><subfield code="e">ausgeliehen (A) - Fälligkeitsdatum: 05.09.2022</subfield><subfield code="x">Ex. a = Präsenzbestand</subfield></datafield></record>