
<record><leader>04589nam a2200000uu 4500</leader><controlfield tag="001">03003809</controlfield><controlfield tag="003">DE-Frei129</controlfield><controlfield tag="005">20220811084027.0</controlfield><controlfield tag="007">tu</controlfield><controlfield tag="008">100120s2010    ||||||||||||||||||||ger||</controlfield><datafield tag="015" ind1=" " ind2=" "><subfield code="a">10,N01</subfield></datafield><datafield tag="016" ind1="7" ind2=" "><subfield code="a">998875147</subfield><subfield code="2">DE-101</subfield></datafield><datafield tag="020" ind1=" " ind2=" "><subfield code="a">9783701101757</subfield><subfield code="9">978-3-7011-0175-7</subfield><subfield code="c">PB. (Pr. in Vorb.)</subfield></datafield><datafield tag="024" ind1="3" ind2=" "><subfield code="a">9783701101757</subfield></datafield><datafield tag="035" ind1=" " ind2=" "><subfield code="a">(DE-576)1625238509</subfield></datafield><datafield tag="041" ind1=" " ind2=" "><subfield code="a">ger</subfield></datafield><datafield tag="245" ind1="1" ind2="0"><subfield code="a">Geschlecht und Didaktik</subfield><subfield code="c">Anita P. Mörth ... (Hg.)</subfield></datafield><datafield tag="250" ind1=" " ind2=" "><subfield code="a">2., überarb. und erw. Aufl.</subfield></datafield><datafield tag="260" ind1="3" ind2=" "><subfield code="a">Graz</subfield><subfield code="b">Grazer Univ.-Verl. u.a.</subfield><subfield code="c">2010</subfield></datafield><datafield tag="300" ind1=" " ind2=" "><subfield code="a">167  Seiten</subfield><subfield code="c">Ill., graph. Darst.</subfield></datafield><datafield tag="490" ind1="1" ind2=" "><subfield code="a">Allgemeine wissenschaftliche Reihe </subfield><subfield code="v">12</subfield></datafield><datafield tag="650" ind1=" " ind2="7"><subfield code="a">Geschlechterforschung</subfield><subfield code="0">(DE-Frei129)00079749</subfield><subfield code="0">(DE-588)4482930-9</subfield><subfield code="2">gnd</subfield></datafield><datafield tag="650" ind1=" " ind2="7"><subfield code="a">Prägung</subfield><subfield code="0">(DE-Frei129)00047741</subfield><subfield code="0">(DE-588)4133211-8</subfield><subfield code="2">gnd</subfield></datafield><datafield tag="650" ind1=" " ind2="7"><subfield code="a">Lehrerin</subfield><subfield code="0">(DE-Frei129)00015161</subfield><subfield code="0">(DE-588)4035097-6</subfield><subfield code="2">gnd</subfield></datafield><datafield tag="650" ind1=" " ind2="7"><subfield code="a">Vielfalt</subfield><subfield code="0">(DE-Frei129)00089966</subfield><subfield code="0">(DE-588)4312811-7</subfield><subfield code="2">gnd</subfield></datafield><datafield tag="651" ind1=" " ind2="7"><subfield code="a">Österreich</subfield><subfield code="0">(DE-Frei129)00018061</subfield><subfield code="0">(DE-588)4043271-3</subfield><subfield code="2">gnd</subfield></datafield><datafield tag="689" ind1="0" ind2="0"><subfield code="0">(DE-588)4043271-3</subfield><subfield code="D">g</subfield><subfield code="a">Österreich </subfield></datafield><datafield tag="689" ind1="0" ind2="1"><subfield code="0">(DE-588)4482930-9</subfield><subfield code="D">s</subfield><subfield code="a">Geschlechterforschung </subfield></datafield><datafield tag="689" ind1="0" ind2="2"><subfield code="0">(DE-588)4133211-8</subfield><subfield code="D">s</subfield><subfield code="a">Prägung </subfield></datafield><datafield tag="689" ind1="0" ind2="3"><subfield code="0">(DE-588)4035097-6</subfield><subfield code="D">s</subfield><subfield code="a">Lehrerin </subfield></datafield><datafield tag="689" ind1="0" ind2="4"><subfield code="0">(DE-588)4312811-7</subfield><subfield code="D">s</subfield><subfield code="a">Vielfalt</subfield><subfield code="5">DE-101</subfield></datafield><datafield tag="700" ind1="1" ind2=" "><subfield code="0">(DE-Frei129)00256746</subfield><subfield code="a">Mörth, Anita P.</subfield><subfield code="4">Hrsg.</subfield></datafield><datafield tag="830" ind1=" " ind2="0"><subfield code="a">Allgemeine wissenschaftliche Reihe</subfield><subfield code="v">12</subfield><subfield code="w">(DE-Frei129)00591450</subfield><subfield code="9">212</subfield></datafield><datafield tag="852" ind1=" " ind2=" "><subfield code="a">Frei129</subfield><subfield code="c">Paed B 650: 284</subfield></datafield><datafield tag="980" ind1="0" ind2=" "><subfield code="a">00210651</subfield><subfield code="9">(PHFR)</subfield><subfield code="b">EG-Anbau (32)</subfield><subfield code="c">Paed B 650: 284</subfield><subfield code="d">Standardleihe (01)</subfield><subfield code="e">Verfügbar (X)</subfield></datafield></record>