
<record><leader>03106nam a2200000uu 4500</leader><controlfield tag="001">03003738</controlfield><controlfield tag="003">DE-Frei129</controlfield><controlfield tag="005">20220811084027.0</controlfield><controlfield tag="007">tu</controlfield><controlfield tag="008">100921s2010    ||||||||||||||||||||ger||</controlfield><datafield tag="015" ind1=" " ind2=" "><subfield code="a">10,A34</subfield></datafield><datafield tag="016" ind1="7" ind2=" "><subfield code="a">1005378193</subfield><subfield code="2">DE-101</subfield></datafield><datafield tag="020" ind1=" " ind2=" "><subfield code="a">9783868630305</subfield><subfield code="9">9783868630305</subfield><subfield code="c">kart.</subfield></datafield><datafield tag="035" ind1=" " ind2=" "><subfield code="a">(DE-576)1605272159</subfield></datafield><datafield tag="041" ind1=" " ind2=" "><subfield code="a">ger</subfield></datafield><datafield tag="044" ind1=" " ind2=" "><subfield code="c">XA-DE</subfield></datafield><datafield tag="245" ind1="1" ind2="0"><subfield code="a">Korrespondenzen</subfield><subfield code="b">Theater - Ästhetik - Pädagogik</subfield><subfield code="c">Florian Vaßen</subfield></datafield><datafield tag="250" ind1=" " ind2=" "><subfield code="a">2., veränd. und verb. Aufl.</subfield></datafield><datafield tag="260" ind1="3" ind2=" "><subfield code="a">Berlin ; Milow ; Strasburg</subfield><subfield code="b">Schibri-Verl.</subfield><subfield code="c">2010</subfield></datafield><datafield tag="300" ind1=" " ind2=" "><subfield code="a">256 Seiten</subfield><subfield code="b">Ill.</subfield><subfield code="c">23 cm</subfield></datafield><datafield tag="500" ind1=" " ind2=" "><subfield code="a">2009</subfield></datafield><datafield tag="500" ind1=" " ind2=" "><subfield code="a">Hannover</subfield></datafield><datafield tag="650" ind1=" " ind2="7"><subfield code="a">Theaterpädagogik</subfield><subfield code="0">(DE-Frei129)00021671</subfield><subfield code="0">(DE-588)4126991-3</subfield><subfield code="2">gnd</subfield></datafield><datafield tag="689" ind1="0" ind2="0"><subfield code="0">(DE-588)4126991-3</subfield><subfield code="D">s</subfield><subfield code="a">Theaterpädagogik</subfield><subfield code="5">DE-101</subfield></datafield><datafield tag="700" ind1="1" ind2=" "><subfield code="0">(DE-588)120194082</subfield><subfield code="0">(DE-Frei129)00056879</subfield><subfield code="a">Vaßen, Florian</subfield><subfield code="4">oth</subfield></datafield><datafield tag="852" ind1=" " ind2=" "><subfield code="a">Frei129</subfield><subfield code="c">AP 67400 V338 (2)</subfield></datafield><datafield tag="856" ind1="4" ind2=" "><subfield code="8">00</subfield><subfield code="u">http://d-nb.info/1005378193/04</subfield><subfield code="y">Inhaltsverzeichnis</subfield></datafield><datafield tag="980" ind1="0" ind2=" "><subfield code="a">00211355</subfield><subfield code="9">(PHFR)</subfield><subfield code="b">UG (33)</subfield><subfield code="c">AP 67400 V338 (2)</subfield><subfield code="d">Standardleihe (01)</subfield><subfield code="e">Verfügbar (X)</subfield></datafield></record>