
<record><leader>07987nam a2200000uu 4500</leader><controlfield tag="001">03003713</controlfield><controlfield tag="003">DE-Frei129</controlfield><controlfield tag="005">20220811084027.0</controlfield><controlfield tag="007">tu</controlfield><controlfield tag="008">100630s2010    |||||||||m||||||||||ger||</controlfield><datafield tag="015" ind1=" " ind2=" "><subfield code="a">10,A33</subfield></datafield><datafield tag="016" ind1="7" ind2=" "><subfield code="a">1003668844</subfield><subfield code="2">DE-101</subfield></datafield><datafield tag="020" ind1=" " ind2=" "><subfield code="a">9783899137545</subfield><subfield code="9">9783899137545</subfield><subfield code="c">kart. : EUR 25.00</subfield></datafield><datafield tag="024" ind1="3" ind2=" "><subfield code="a">9783899137545</subfield></datafield><datafield tag="035" ind1=" " ind2=" "><subfield code="a">(DE-576)630368236</subfield></datafield><datafield tag="041" ind1=" " ind2=" "><subfield code="a">ger</subfield></datafield><datafield tag="044" ind1=" " ind2=" "><subfield code="c">XA-DE-BY</subfield></datafield><datafield tag="245" ind1="1" ind2="0"><subfield code="a">Pädagogik der Kommunikation</subfield><subfield code="b">zur Entwicklung von Klaus Schallers Konzeption</subfield><subfield code="c">Sonja Lichtenstern</subfield></datafield><datafield tag="260" ind1="3" ind2=" "><subfield code="a">Würzburg</subfield><subfield code="b">ERGON-Verl.</subfield><subfield code="c">2010</subfield></datafield><datafield tag="300" ind1=" " ind2=" "><subfield code="a">188 Seiten</subfield><subfield code="c">240 mm x 170 mm</subfield></datafield><datafield tag="490" ind1="1" ind2=" "><subfield code="a">Pädagogik und Ethik </subfield><subfield code="v">Bd. 3</subfield></datafield><datafield tag="500" ind1=" " ind2=" "><subfield code="a">Augsburg</subfield></datafield><datafield tag="500" ind1=" " ind2=" "><subfield code="a">Literaturverz. S. [177] - 188</subfield></datafield><datafield tag="500" ind1=" " ind2=" "><subfield code="a">IMD-Felder maschinell generiert (GBV)</subfield></datafield><datafield tag="502" ind1=" " ind2=" "><subfield code="a">Zugl.: Augsburg, Univ., Diss., 2010</subfield></datafield><datafield tag="600" ind1="1" ind2="7"><subfield code="0">(DE-Frei129)00047825</subfield><subfield code="0">(DE-588)118606417</subfield><subfield code="a">Schaller, Klaus</subfield><subfield code="2">gnd</subfield></datafield><datafield tag="600" ind1="1" ind2="7"><subfield code="0">(DE-Frei129)58133282</subfield><subfield code="a">aus, 1925-</subfield><subfield code="2">local</subfield></datafield><datafield tag="650" ind1=" " ind2="7"><subfield code="a">Kommunikation</subfield><subfield code="0">(DE-Frei129)00011867</subfield><subfield code="0">(DE-588)4031883-7</subfield><subfield code="2">gnd</subfield></datafield><datafield tag="650" ind1=" " ind2="7"><subfield code="a">Pädagogik</subfield><subfield code="0">(DE-Frei129)00007310</subfield><subfield code="0">(DE-588)4044302-4</subfield><subfield code="2">gnd</subfield></datafield><datafield tag="650" ind1=" " ind2="7"><subfield code="a">Education</subfield><subfield code="x">Philosophy</subfield><subfield code="0">(DE-Frei129)14264594</subfield><subfield code="2">local</subfield></datafield><datafield tag="650" ind1=" " ind2="7"><subfield code="a">Bildungstheorie</subfield><subfield code="0">(DE-Frei129)00018419</subfield><subfield code="0">(DE-588)4069468-9</subfield><subfield code="2">gnd</subfield></datafield><datafield tag="650" ind1=" " ind2="7"><subfield code="a">Anthropologie</subfield><subfield code="0">(DE-Frei129)00001457</subfield><subfield code="0">(DE-588)4002230-4</subfield><subfield code="2">gnd</subfield></datafield><datafield tag="650" ind1=" " ind2="7"><subfield code="a">Erziehungslehre</subfield><subfield code="0">(DE-Frei129)00056641</subfield><subfield code="0">(DE-588)4152998-4</subfield><subfield code="2">gnd</subfield></datafield><datafield tag="650" ind1=" " ind2="7"><subfield code="a">Erziehungsphilosophie</subfield><subfield code="0">(DE-Frei129)00028596</subfield><subfield code="0">(DE-588)4070955-3</subfield><subfield code="2">gnd</subfield></datafield><datafield tag="650" ind1=" " ind2="7"><subfield code="a">Kritische Pädagogik</subfield><subfield code="0">(DE-Frei129)00050765</subfield><subfield code="0">(DE-588)4137945-7</subfield><subfield code="2">gnd</subfield></datafield><datafield tag="689" ind1="0" ind2="0"><subfield code="0">(DE-588)118606417</subfield><subfield code="D">p</subfield><subfield code="a">Schaller, Klaus </subfield></datafield><datafield tag="689" ind1="0" ind2="1"><subfield code="0">(DE-588)4031883-7</subfield><subfield code="D">s</subfield><subfield code="a">Kommunikation </subfield></datafield><datafield tag="689" ind1="0" ind2="2"><subfield code="0">(DE-588)4044302-4</subfield><subfield code="D">s</subfield><subfield code="a">Pädagogik</subfield><subfield code="5">DE-101</subfield></datafield><datafield tag="689" ind1="1" ind2="0"><subfield code="A">n</subfield><subfield code="a">aus, 1925-</subfield><subfield code="5">DE-101</subfield></datafield><datafield tag="689" ind1="2" ind2="0"><subfield code="A">s</subfield><subfield code="a">Education / Philosophy</subfield><subfield code="5">DE-101</subfield></datafield><datafield tag="689" ind1="3" ind2="0"><subfield code="0">(DE-588)4031883-7</subfield><subfield code="D">s</subfield><subfield code="a">Kommunikation </subfield></datafield><datafield tag="689" ind1="3" ind2="1"><subfield code="0">(DE-588)4044302-4</subfield><subfield code="D">s</subfield><subfield code="a">Pädagogik </subfield></datafield><datafield tag="689" ind1="3" ind2="2"><subfield code="0">(DE-588)4069468-9</subfield><subfield code="D">s</subfield><subfield code="a">Bildungstheorie </subfield></datafield><datafield tag="689" ind1="3" ind2="3"><subfield code="0">(DE-588)4002230-4</subfield><subfield code="D">s</subfield><subfield code="a">Anthropologie </subfield></datafield><datafield tag="689" ind1="3" ind2="4"><subfield code="0">(DE-588)4152998-4</subfield><subfield code="D">s</subfield><subfield code="a">Erziehungslehre </subfield></datafield><datafield tag="689" ind1="3" ind2="5"><subfield code="0">(DE-588)4070955-3</subfield><subfield code="D">s</subfield><subfield code="a">Erziehungsphilosophie </subfield></datafield><datafield tag="689" ind1="3" ind2="6"><subfield code="0">(DE-588)4137945-7</subfield><subfield code="D">s</subfield><subfield code="a">Kritische Pädagogik</subfield><subfield code="5">DE-101</subfield></datafield><datafield tag="700" ind1="1" ind2=" "><subfield code="0">(DE-Frei129)00257085</subfield><subfield code="a">Lichtenstern, Sonja</subfield><subfield code="4">aut</subfield></datafield><datafield tag="700" ind1="1" ind2=" "><subfield code="0">(DE-588)118606417</subfield><subfield code="0">(DE-Frei129)00047825</subfield><subfield code="a">Schaller, Klaus</subfield><subfield code="4">aut</subfield></datafield><datafield tag="830" ind1=" " ind2="0"><subfield code="a">Pädagogik und Ethik</subfield><subfield code="v">Bd. 3</subfield><subfield code="w">(DE-Frei129)00298425</subfield><subfield code="9">13</subfield></datafield><datafield tag="852" ind1=" " ind2=" "><subfield code="a">Frei129</subfield><subfield code="c">Paed D Sca 4: 1</subfield></datafield><datafield tag="856" ind1="4" ind2=" "><subfield code="8">00</subfield><subfield code="u">http://d-nb.info/1003668844/04</subfield><subfield code="y">Inhaltsverzeichnis</subfield></datafield><datafield tag="856" ind1="4" ind2=" "><subfield code="8">01</subfield><subfield code="u">http://d-nb.info/1003668844/04</subfield><subfield code="y">Inhaltsverzeichnis</subfield></datafield><datafield tag="980" ind1="0" ind2=" "><subfield code="a">00213469</subfield><subfield code="9">(PHFR)</subfield><subfield code="b">EG-Anbau (32)</subfield><subfield code="c">Paed D Sca 4: 1</subfield><subfield code="d">Standardleihe (01)</subfield><subfield code="e">Verfügbar (X)</subfield></datafield></record>