
<record><leader>02749nam a2200000uu 4500</leader><controlfield tag="001">03003293</controlfield><controlfield tag="003">DE-Frei129</controlfield><controlfield tag="005">20220811084027.0</controlfield><controlfield tag="007">tu</controlfield><controlfield tag="008">100924s2010    ||||||||||||||||||||ger||</controlfield><datafield tag="015" ind1=" " ind2=" "><subfield code="a">10,N27</subfield></datafield><datafield tag="016" ind1="7" ind2=" "><subfield code="a">1004068972</subfield><subfield code="2">DE-101</subfield></datafield><datafield tag="020" ind1=" " ind2=" "><subfield code="a">9783898918695</subfield><subfield code="9">978-3-89891-869-5</subfield><subfield code="c">PB. : EUR 29.90, EUR 30.80 (AT), sfr 49.90 (freier Pr.)</subfield></datafield><datafield tag="024" ind1="3" ind2=" "><subfield code="a">9783898918695</subfield></datafield><datafield tag="035" ind1=" " ind2=" "><subfield code="a">(DE-576)1605328936</subfield></datafield><datafield tag="041" ind1=" " ind2=" "><subfield code="a">ger</subfield></datafield><datafield tag="044" ind1=" " ind2=" "><subfield code="c">XA-DE-NI</subfield></datafield><datafield tag="245" ind1="1" ind2="0"><subfield code="a">Praxisbuch Rechenwelt bis 100</subfield><subfield code="b">Aufgaben und Spiele mit dem Dienes-Material; 2. Schuljahr</subfield><subfield code="c">Hilde Heuninck</subfield></datafield><datafield tag="250" ind1=" " ind2=" "><subfield code="a">1. Aufl.</subfield></datafield><datafield tag="260" ind1="3" ind2=" "><subfield code="a">Schaffhausen</subfield><subfield code="b">SCHUBI Lernmedien</subfield><subfield code="c">2010 2010</subfield></datafield><datafield tag="300" ind1=" " ind2=" "><subfield code="a">167  Seiten</subfield><subfield code="b">Ill.</subfield><subfield code="c">297 mm x 210 mm, 703 gr.</subfield><subfield code="e">1 CD-ROM (12 cm)</subfield></datafield><datafield tag="700" ind1="1" ind2=" "><subfield code="0">(DE-Frei129)00245165</subfield><subfield code="a">Heuninck, Hilde</subfield><subfield code="4">aut</subfield></datafield><datafield tag="852" ind1=" " ind2=" "><subfield code="a">Frei 129</subfield><subfield code="b">PHFR</subfield><subfield code="c">Math N 400: 126</subfield></datafield><datafield tag="856" ind1="4" ind2=" "><subfield code="8">00</subfield><subfield code="u">http://www.schubi.ch/pdf/L24571-1-l.pdf</subfield><subfield code="y">Auszug</subfield></datafield><datafield tag="980" ind1="0" ind2=" "><subfield code="a">00409934</subfield><subfield code="9">(PHFR)</subfield><subfield code="b">UG (33)</subfield><subfield code="c">Math N 400: 126</subfield><subfield code="d">Standardleihe (01)</subfield><subfield code="e">Verfügbar (X)</subfield><subfield code="x">3. Auflage 2016</subfield></datafield></record>