
<record><leader>06674nam a2200000uu 4500</leader><controlfield tag="001">03000577</controlfield><controlfield tag="003">DE-Frei129</controlfield><controlfield tag="005">20220811084027.0</controlfield><controlfield tag="007">tu</controlfield><controlfield tag="008">100415s2010    ||||||||||||||||||||ger||</controlfield><datafield tag="015" ind1=" " ind2=" "><subfield code="a">10,N15</subfield></datafield><datafield tag="016" ind1="7" ind2=" "><subfield code="a">1001391276</subfield><subfield code="2">DE-101</subfield></datafield><datafield tag="020" ind1=" " ind2=" "><subfield code="a">9783838201207</subfield><subfield code="9">9783838201207</subfield><subfield code="c">kart. : EUR 24.90</subfield></datafield><datafield tag="020" ind1=" " ind2=" "><subfield code="a">3838201205</subfield><subfield code="9">3838201205</subfield></datafield><datafield tag="024" ind1="3" ind2=" "><subfield code="a">9783838201207</subfield></datafield><datafield tag="035" ind1=" " ind2=" "><subfield code="a">(DE-576)623784777</subfield></datafield><datafield tag="035" ind1=" " ind2=" "><subfield code="a">(DE-576)623784777</subfield></datafield><datafield tag="041" ind1=" " ind2=" "><subfield code="a">ger</subfield></datafield><datafield tag="044" ind1=" " ind2=" "><subfield code="c">XA-DE-BW</subfield></datafield><datafield tag="245" ind1="1" ind2="0"><subfield code="a">&quot;dann kann man das ja auch mal so lösen!&quot;</subfield><subfield code="b">Auswertungsinterviews mit Kindern und Jugendlichen nach Trainings zur gewaltfreien Kommunikation</subfield><subfield code="c">Cornelia Muth (Hrsg.). Mit Beitr. von: Susanne Kalkowski ...</subfield></datafield><datafield tag="260" ind1="3" ind2=" "><subfield code="a">Stuttgart</subfield><subfield code="b">Ibidem-Verl.</subfield><subfield code="c">2010</subfield></datafield><datafield tag="300" ind1=" " ind2=" "><subfield code="a">138 Seiten</subfield><subfield code="b">Ill</subfield><subfield code="c">20 cm</subfield></datafield><datafield tag="490" ind1="1" ind2=" "><subfield code="a">Dialogisches Lernen </subfield><subfield code="v">13</subfield></datafield><datafield tag="500" ind1=" " ind2=" "><subfield code="a">Literaturangaben</subfield></datafield><datafield tag="500" ind1=" " ind2=" "><subfield code="a">IMD-Felder maschinell generiert (GBV)</subfield></datafield><datafield tag="500" ind1=" " ind2=" "><subfield code="a">Archivierung/Langzeitarchivierung gewährleistet</subfield></datafield><datafield tag="650" ind1=" " ind2="7"><subfield code="a">Kommunikationsverhalten</subfield><subfield code="0">(DE-Frei129)00061098</subfield><subfield code="0">(DE-588)4164814-6</subfield><subfield code="2">gnd</subfield></datafield><datafield tag="650" ind1=" " ind2="7"><subfield code="a">Einfühlung</subfield><subfield code="0">(DE-Frei129)00023710</subfield><subfield code="0">(DE-588)4133262-3</subfield><subfield code="2">gnd</subfield></datafield><datafield tag="650" ind1=" " ind2="7"><subfield code="a">Harmonie</subfield><subfield code="0">(DE-Frei129)00043565</subfield><subfield code="0">(DE-588)4127802-1</subfield><subfield code="2">gnd</subfield></datafield><datafield tag="650" ind1=" " ind2="7"><subfield code="a">Kind</subfield><subfield code="0">(DE-Frei129)00001633</subfield><subfield code="0">(DE-588)4030550-8</subfield><subfield code="2">gnd</subfield></datafield><datafield tag="650" ind1=" " ind2="7"><subfield code="a">Jugend</subfield><subfield code="0">(DE-Frei129)00001631</subfield><subfield code="0">(DE-588)4028859-6</subfield><subfield code="2">gnd</subfield></datafield><datafield tag="689" ind1="0" ind2="0"><subfield code="0">(DE-588)4164814-6</subfield><subfield code="D">s</subfield><subfield code="a">Kommunikationsverhalten </subfield></datafield><datafield tag="689" ind1="0" ind2="1"><subfield code="0">(DE-588)4133262-3</subfield><subfield code="D">s</subfield><subfield code="a">Einfühlung </subfield></datafield><datafield tag="689" ind1="0" ind2="2"><subfield code="0">(DE-588)4127802-1</subfield><subfield code="D">s</subfield><subfield code="a">Harmonie </subfield></datafield><datafield tag="689" ind1="0" ind2="3"><subfield code="0">(DE-588)4030550-8</subfield><subfield code="D">s</subfield><subfield code="a">Kind </subfield></datafield><datafield tag="689" ind1="0" ind2="4"><subfield code="0">(DE-588)4028859-6</subfield><subfield code="D">s</subfield><subfield code="a">Jugend</subfield><subfield code="5">DE-101</subfield></datafield><datafield tag="700" ind1="1" ind2=" "><subfield code="0">(DE-588)129231657</subfield><subfield code="0">(DE-Frei129)00267877</subfield><subfield code="a">Muth, Cornelia</subfield><subfield code="4">Hrsg.</subfield></datafield><datafield tag="700" ind1="1" ind2=" "><subfield code="0">(DE-Frei129)00267891</subfield><subfield code="a">Kalkowski, Susanne</subfield><subfield code="4">oth</subfield></datafield><datafield tag="700" ind1="1" ind2=" "><subfield code="0">(DE-Frei129)01199859</subfield><subfield code="a">Kneiphof, Annika</subfield><subfield code="4">oth</subfield></datafield><datafield tag="700" ind1="1" ind2=" "><subfield code="0">(DE-Frei129)01199860</subfield><subfield code="a">Lingemann, Katrin</subfield><subfield code="4">oth</subfield></datafield><datafield tag="700" ind1="1" ind2=" "><subfield code="0">(DE-Frei129)01199861</subfield><subfield code="a">Muer, Thorsten</subfield><subfield code="4">oth</subfield></datafield><datafield tag="830" ind1=" " ind2="0"><subfield code="a">Dialogisches Lernen</subfield><subfield code="v">13</subfield><subfield code="w">(DE-Frei129)00269382</subfield><subfield code="9">213</subfield></datafield><datafield tag="852" ind1=" " ind2=" "><subfield code="a">Frei129</subfield><subfield code="c">Psy B 300: 95</subfield></datafield><datafield tag="856" ind1="4" ind2=" "><subfield code="8">00</subfield><subfield code="u">http://d-nb.info/1001391276/04</subfield><subfield code="y">Kurzbeschreibung des Verlags</subfield></datafield><datafield tag="856" ind1="4" ind2=" "><subfield code="8">01</subfield><subfield code="u">http://www.socialnet.de/rezensionen/isbn.php?isbn=978-3-8382-0120-7</subfield><subfield code="y">Rezension</subfield></datafield><datafield tag="856" ind1="4" ind2=" "><subfield code="8">02</subfield><subfield code="u">http://d-nb.info/1001391276/04</subfield><subfield code="y">Verlagsinformation</subfield></datafield><datafield tag="980" ind1="0" ind2=" "><subfield code="a">00205574</subfield><subfield code="9">(PHFR)</subfield><subfield code="b">EG-Anbau (32)</subfield><subfield code="c">Psy B 300: 95</subfield><subfield code="d">Standardleihe (01)</subfield><subfield code="e">Verfügbar (X)</subfield></datafield></record>