
<record><leader>03416nam a2200000uu 4500</leader><controlfield tag="001">03000567</controlfield><controlfield tag="003">DE-Frei129</controlfield><controlfield tag="005">20220811084027.0</controlfield><controlfield tag="007">tu</controlfield><controlfield tag="008">100412s2010    |||||||||m||||||||||ger||</controlfield><datafield tag="015" ind1=" " ind2=" "><subfield code="a">10,N09</subfield></datafield><datafield tag="016" ind1="7" ind2=" "><subfield code="a">1000359786</subfield><subfield code="2">DE-101</subfield></datafield><datafield tag="020" ind1=" " ind2=" "><subfield code="a">9783899368871</subfield><subfield code="9">978-3-89936-887-1</subfield><subfield code="c">PB. : EUR 57.00, EUR 58.60 (AT), sfr 94.50 (freier Pr.)</subfield></datafield><datafield tag="024" ind1="3" ind2=" "><subfield code="a">9783899368871</subfield></datafield><datafield tag="035" ind1=" " ind2=" "><subfield code="a">(DE-576)1602499632</subfield></datafield><datafield tag="035" ind1=" " ind2=" "><subfield code="a">(DE-576)1602499632</subfield></datafield><datafield tag="041" ind1=" " ind2=" "><subfield code="a">ger</subfield></datafield><datafield tag="044" ind1=" " ind2=" "><subfield code="c">XA-DE-NW</subfield></datafield><datafield tag="245" ind1="1" ind2="0"><subfield code="a">Was ist frühkindliche Bildung?</subfield><subfield code="b">Positionen und Befunde</subfield><subfield code="c">Dietmar Weigel</subfield></datafield><datafield tag="250" ind1=" " ind2=" "><subfield code="a">1. Aufl.</subfield></datafield><datafield tag="260" ind1="3" ind2=" "><subfield code="a">Lohmar</subfield><subfield code="b">Eul</subfield><subfield code="c">2010 2010</subfield></datafield><datafield tag="300" ind1=" " ind2=" "><subfield code="a">VIII, 245  Seiten</subfield><subfield code="b">graph. Darst.</subfield><subfield code="c">210 mm x 148 mm, 380 gr.</subfield></datafield><datafield tag="500" ind1=" " ind2=" "><subfield code="a">5090: ddsu/sred</subfield></datafield><datafield tag="502" ind1=" " ind2=" "><subfield code="a">Zugl.: Johannes Gutenberg-Universität Mainz, Diss., 2010</subfield></datafield><datafield tag="650" ind1=" " ind2="7"><subfield code="a">Kleinkindpädagogik</subfield><subfield code="0">(DE-Frei129)00029911</subfield><subfield code="0">(DE-588)4073499-7</subfield><subfield code="2">gnd</subfield></datafield><datafield tag="689" ind1="0" ind2="0"><subfield code="0">(DE-588)4073499-7</subfield><subfield code="D">s</subfield><subfield code="a">Kleinkindpädagogik</subfield><subfield code="5">DE-101</subfield></datafield><datafield tag="700" ind1="1" ind2=" "><subfield code="0">(DE-588)140697365</subfield><subfield code="0">(DE-Frei129)01177416</subfield><subfield code="a">Weigel, Dietmar</subfield><subfield code="4">aut</subfield></datafield><datafield tag="852" ind1=" " ind2=" "><subfield code="a">Frei129</subfield><subfield code="c">Paed G 100: 91</subfield></datafield><datafield tag="856" ind1="4" ind2=" "><subfield code="8">00</subfield><subfield code="u">http://d-nb.info/1000359786/04</subfield><subfield code="y">Inhaltsverzeichnis</subfield></datafield><datafield tag="980" ind1="0" ind2=" "><subfield code="a">00210934</subfield><subfield code="9">(PHFR)</subfield><subfield code="b">EG-Anbau (32)</subfield><subfield code="c">Paed G 100: 91</subfield><subfield code="d">Standardleihe (01)</subfield><subfield code="e">Verfügbar (X)</subfield></datafield></record>