
<record><leader>02101nam a2200000uuc4500</leader><controlfield tag="001">02682376</controlfield><controlfield tag="003">DE-Frei129</controlfield><controlfield tag="005">20220811084027.0</controlfield><controlfield tag="007">tu</controlfield><controlfield tag="008">140509s2010    ||||||||||||||||||||ger||</controlfield><datafield tag="020" ind1=" " ind2=" "><subfield code="a">9783142941585</subfield><subfield code="9">978-3-14-294158-5</subfield></datafield><datafield tag="024" ind1="3" ind2=" "><subfield code="a">9783142941585</subfield></datafield><datafield tag="035" ind1=" " ind2=" "><subfield code="a">(DE-576)1475268270</subfield></datafield><datafield tag="041" ind1=" " ind2=" "><subfield code="a">ger</subfield></datafield><datafield tag="245" ind1="1" ind2="0"><subfield code="a">Prologo</subfield><subfield code="b">Sprach-Lesebuch Deutsch</subfield><subfield code="n">4, Lösungen</subfield></datafield><datafield tag="250" ind1=" " ind2=" "><subfield code="a">Dr. A1</subfield></datafield><datafield tag="260" ind1="3" ind2=" "><subfield code="a">Braunschweig</subfield><subfield code="b">Westermann Schroedel Diesterweg Schöningh Winklers</subfield><subfield code="c">2010</subfield></datafield><datafield tag="300" ind1=" " ind2=" "><subfield code="a">64  Seiten</subfield></datafield><datafield tag="500" ind1=" " ind2=" "><subfield code="a">Hier auch später erschienene, unveränderte Nachdrucke</subfield></datafield><datafield tag="773" ind1="0" ind2="8"><subfield code="w">(DE-Frei129)01275906</subfield><subfield code="q">14LOES42010</subfield></datafield><datafield tag="852" ind1=" " ind2=" "><subfield code="a">Frei 129</subfield><subfield code="b">PHFR</subfield><subfield code="c">GB 2996 II P895 L1 -4</subfield></datafield><datafield tag="980" ind1="0" ind2=" "><subfield code="a">00380940</subfield><subfield code="9">(PHFR)</subfield><subfield code="b">Handbibliothek (50)</subfield><subfield code="c">Deu O 530: 11 LÖ,4</subfield><subfield code="d">Handbibliothek - nie verleihbar (54)</subfield><subfield code="e">Verfügbar (X)</subfield></datafield></record>