
<record><leader>03400nam a2200000uuc4500</leader><controlfield tag="001">02358147</controlfield><controlfield tag="003">DE-Frei129</controlfield><controlfield tag="005">20220811084028.0</controlfield><controlfield tag="007">tu</controlfield><controlfield tag="008">130812s2010    ||||||||||||||||||||eng||</controlfield><datafield tag="015" ind1=" " ind2=" "><subfield code="a">10,A45</subfield></datafield><datafield tag="016" ind1="7" ind2=" "><subfield code="a">998870463</subfield><subfield code="2">DE-101</subfield></datafield><datafield tag="020" ind1=" " ind2=" "><subfield code="a">9783637011168</subfield><subfield code="9">9783637011168</subfield><subfield code="c">geh. : EUR 12.50</subfield></datafield><datafield tag="024" ind1="3" ind2=" "><subfield code="a">9783637011168</subfield></datafield><datafield tag="035" ind1=" " ind2=" "><subfield code="a">(DE-576)1462178847</subfield></datafield><datafield tag="041" ind1=" " ind2=" "><subfield code="a">eng</subfield><subfield code="a">ger</subfield></datafield><datafield tag="044" ind1=" " ind2=" "><subfield code="c">XA-DE-BY</subfield></datafield><datafield tag="245" ind1="1" ind2="0"><subfield code="a">Sally</subfield><subfield code="b">ein Lehrwerk für den Englischunterricht ab Klasse 1</subfield><subfield code="n">1/2, Lernstandskontrollen</subfield><subfield code="p">Sally&apos;s English test 1/2 : Lernstandskontrollen; [mit allen Hörtexten]</subfield><subfield code="c">Jasmin Brune; Daniela Elsner; Barbara Gleich ...</subfield></datafield><datafield tag="250" ind1=" " ind2=" "><subfield code="a">1. Aufl.</subfield></datafield><datafield tag="260" ind1="3" ind2=" "><subfield code="c">2010</subfield></datafield><datafield tag="300" ind1=" " ind2=" "><subfield code="a">36 Seiten</subfield><subfield code="b">überw. Ill.</subfield><subfield code="c">30 cm</subfield><subfield code="e">Beil. ([4] Bl.)</subfield></datafield><datafield tag="500" ind1=" " ind2=" "><subfield code="a">Hier auch später erschienene, unveränderte Nachdrucke</subfield></datafield><datafield tag="520" ind1=" " ind2=" "><subfield code="a">Sally, das lustige Känguru, begleitet die Kinder auf ihren ersten Schritten in der englischen Sprache. Mit Sally lernen sie in realitätsnahen Situationen englische Sprechmuster kennen und bauen stetig kommunikative Kompetenz auf. Sally&apos;s English Tests: Fertige Lernstandskontrollen zu den grundlegenden Unterrichtseinheiten des Lehrwerks - mit Audio-CD.</subfield></datafield><datafield tag="773" ind1="0" ind2="8"><subfield code="w">(DE-Frei129)01381323</subfield><subfield code="q">1/2TEST1142010</subfield></datafield><datafield tag="787" ind1="0" ind2="8"><subfield code="i">Audio-CD u.d.T.</subfield><subfield code="t">Sally&apos;s English test 1/2</subfield><subfield code="w">(DE-Frei129)02366751</subfield><subfield code="w">(DE-576)1462339166</subfield></datafield><datafield tag="852" ind1=" " ind2=" "><subfield code="a">Frei 129</subfield><subfield code="b">PHFR</subfield><subfield code="c">HD 220 I D111 L1 -1/2</subfield></datafield><datafield tag="980" ind1="0" ind2=" "><subfield code="a">00279625</subfield><subfield code="9">(PHFR)</subfield><subfield code="b">Handbibliothek (50)</subfield><subfield code="c">Fre O 110: 28 LE,1/2</subfield><subfield code="d">Handbibliothek - nie verleihbar (54)</subfield><subfield code="e">Verfügbar (X)</subfield></datafield></record>