
<record><leader>03191nam a2200000uuc4500</leader><controlfield tag="001">02358143</controlfield><controlfield tag="003">DE-Frei129</controlfield><controlfield tag="005">20220811084028.0</controlfield><controlfield tag="007">tu</controlfield><controlfield tag="008">130815s2010    ||||||||||||||||||||eng||</controlfield><datafield tag="020" ind1=" " ind2=" "><subfield code="a">9783060312924</subfield><subfield code="9">9783060312924</subfield></datafield><datafield tag="035" ind1=" " ind2=" "><subfield code="a">(DE-576)1462172318</subfield></datafield><datafield tag="041" ind1=" " ind2=" "><subfield code="a">eng</subfield><subfield code="a">ger</subfield></datafield><datafield tag="245" ind1="1" ind2="0"><subfield code="a">Sunshine</subfield><subfield code="b">Lehrwerk für den früh beginnenden Englischunterricht</subfield><subfield code="n">3, Activity Book mit Lernsoftware</subfield><subfield code="p">Class 3 : [Lernsoftware mit Audio-CD]</subfield><subfield code="c">Erarbeitet von Susan Norman und Hugh L&apos;Estrange unter Mitarb. von [...]</subfield></datafield><datafield tag="250" ind1=" " ind2=" "><subfield code="a">1. Aufl., [Nachdr.]</subfield></datafield><datafield tag="260" ind1="3" ind2=" "><subfield code="c">2010</subfield></datafield><datafield tag="300" ind1=" " ind2=" "><subfield code="a">55 Seiten</subfield><subfield code="b">zahlr. Ill.</subfield><subfield code="c">30 cm</subfield><subfield code="e">Minibildkarten, My word box</subfield></datafield><datafield tag="773" ind1="0" ind2="8"><subfield code="w">(DE-Frei129)16042635</subfield><subfield code="q">13ACTI-SOFT1142010</subfield></datafield><datafield tag="787" ind1="0" ind2="8"><subfield code="i">CD-ROM u.d.T.</subfield><subfield code="t">Klasse 3</subfield><subfield code="w">(DE-Frei129)02366728</subfield><subfield code="w">(DE-576)1462311113</subfield></datafield><datafield tag="852" ind1=" " ind2=" "><subfield code="a">Frei 129</subfield><subfield code="b">PHFR</subfield><subfield code="c">HD 220 I S958 A1 -3</subfield></datafield><datafield tag="856" ind1="4" ind2=" "><subfield code="8">00</subfield><subfield code="u">http://swbplus.bsz-bw.de/bsz392172313cov.htm</subfield><subfield code="y">Cover</subfield></datafield><datafield tag="980" ind1="0" ind2=" "><subfield code="a">00279627</subfield><subfield code="9">(PHFR)</subfield><subfield code="b">Handbibliothek (50)</subfield><subfield code="c">Fre O 110: 22 AS,3</subfield><subfield code="d">Handbibliothek - nie verleihbar (54)</subfield><subfield code="e">Verfügbar (X)</subfield></datafield><datafield tag="980" ind1="0" ind2=" "><subfield code="a">00405611</subfield><subfield code="9">(PHFR)</subfield><subfield code="b">2.OG (35)</subfield><subfield code="c">HD 220 I S958 A1 -3+1</subfield><subfield code="d">Präsenzbestand II (51)</subfield><subfield code="e">Verfügbar (X)</subfield></datafield><datafield tag="980" ind1="0" ind2=" "><subfield code="a">00405612</subfield><subfield code="9">(PHFR)</subfield><subfield code="b">2.OG (35)</subfield><subfield code="c">HD 220 I S958 A1 -3</subfield><subfield code="d">Standardleihe (01)</subfield><subfield code="e">Verfügbar (X)</subfield></datafield></record>