
<record><leader>03180nam a2200000uuc4500</leader><controlfield tag="001">02357913</controlfield><controlfield tag="003">DE-Frei129</controlfield><controlfield tag="005">20220811084028.0</controlfield><controlfield tag="007">tu</controlfield><controlfield tag="008">130711s2010    ||||||||||||||||||||ger||</controlfield><datafield tag="020" ind1=" " ind2=" "><subfield code="a">9783429011789</subfield><subfield code="9">978-3-429-01178-9</subfield></datafield><datafield tag="035" ind1=" " ind2=" "><subfield code="a">(DE-576)1460762754</subfield></datafield><datafield tag="041" ind1=" " ind2=" "><subfield code="a">ger</subfield></datafield><datafield tag="245" ind1="1" ind2="0"><subfield code="a">Die neue Echter-Bibel</subfield><subfield code="n">Kommentar zum Neuen Testament mit der Einheitsüber ; 3</subfield><subfield code="p">Lukasevangelium / Jacob Kremer</subfield></datafield><datafield tag="250" ind1=" " ind2=" "><subfield code="a">5. unveränd. Aufl.</subfield></datafield><datafield tag="260" ind1="3" ind2=" "><subfield code="a">Würzburg</subfield><subfield code="b">Echter-Verl.</subfield><subfield code="c">2010</subfield></datafield><datafield tag="300" ind1=" " ind2=" "><subfield code="a">256  Seiten</subfield></datafield><datafield tag="630" ind1="0" ind2="7"><subfield code="a">Bibel</subfield><subfield code="0">(DE-Frei129)02358374</subfield><subfield code="0">(DE-588)106241621</subfield><subfield code="2">gnd</subfield></datafield><datafield tag="630" ind1="0" ind2="7"><subfield code="a">Bibel</subfield><subfield code="0">(DE-Frei129)02358274</subfield><subfield code="0">(DE-588)106217658</subfield><subfield code="2">gnd</subfield></datafield><datafield tag="689" ind1="0" ind2="0"><subfield code="0">(DE-588)106241621</subfield><subfield code="D">u</subfield><subfield code="a">Bibel</subfield><subfield code="5">DE-101</subfield></datafield><datafield tag="689" ind1="1" ind2="0"><subfield code="0">(DE-588)106217658</subfield><subfield code="D">u</subfield><subfield code="a">Bibel</subfield><subfield code="5">DE-101</subfield></datafield><datafield tag="700" ind1="1" ind2=" "><subfield code="0">(DE-588)119234041</subfield><subfield code="0">(DE-Frei129)00067681</subfield><subfield code="a">Kremer, Jacob</subfield><subfield code="4">aut</subfield></datafield><datafield tag="700" ind1="1" ind2=" "><subfield code="0">(DE-588)115673822</subfield><subfield code="0">(DE-Frei129)00018498</subfield><subfield code="a">Gnilka, Joachim</subfield><subfield code="4">aut</subfield></datafield><datafield tag="773" ind1="0" ind2="8"><subfield code="w">(DE-Frei129)00064106</subfield><subfield code="q">420001313</subfield></datafield><datafield tag="852" ind1=" " ind2=" "><subfield code="a">Frei 129</subfield><subfield code="b">PHFR</subfield><subfield code="c">BC 4800 E18 N4 -3</subfield></datafield><datafield tag="980" ind1="0" ind2=" "><subfield code="a">00279707</subfield><subfield code="9">(PHFR)</subfield><subfield code="b">Handbibliothek (50)</subfield><subfield code="c">Theo E 300: 11,3</subfield><subfield code="d">Handbibliothek - nie verleihbar (54)</subfield><subfield code="e">Verfügbar (X)</subfield></datafield></record>