
<record><leader>02946nam a2200000uu 4500</leader><controlfield tag="001">02357591</controlfield><controlfield tag="003">DE-Frei129</controlfield><controlfield tag="005">20220811084028.0</controlfield><controlfield tag="007">tu</controlfield><controlfield tag="008">130618s2010    ||||||||||||||||||||ger||</controlfield><datafield tag="020" ind1=" " ind2=" "><subfield code="a">9783254080295</subfield><subfield code="9">978-3-254-08029-5</subfield></datafield><datafield tag="035" ind1=" " ind2=" "><subfield code="a">(DE-576)1603543880</subfield></datafield><datafield tag="041" ind1=" " ind2=" "><subfield code="a">ger</subfield></datafield><datafield tag="245" ind1="1" ind2="0"><subfield code="a">Götterdämmerung</subfield><subfield code="b">[der Ring des Nibelungen]; Textbuch</subfield><subfield code="c">Richard Wagner. Einf. und Kommentar von Kurt Pahlen</subfield></datafield><datafield tag="250" ind1=" " ind2=" "><subfield code="a">6. Aufl.</subfield></datafield><datafield tag="260" ind1="3" ind2=" "><subfield code="a">Mainz</subfield><subfield code="b">Schott</subfield><subfield code="c">2010</subfield></datafield><datafield tag="300" ind1=" " ind2=" "><subfield code="a">396  Seiten</subfield><subfield code="b">Ill., Notenbeisp.</subfield></datafield><datafield tag="490" ind1="0" ind2=" "><subfield code="a">Opern der Welt</subfield></datafield><datafield tag="500" ind1=" " ind2=" "><subfield code="a">IMD-Felder und 1131 maschinell ergänzt</subfield></datafield><datafield tag="630" ind1="0" ind2="7"><subfield code="a">Der Ring des Nibelungen</subfield><subfield code="0">(DE-Frei129)02358500</subfield><subfield code="0">(DE-588)701748680</subfield><subfield code="2">gnd</subfield></datafield><datafield tag="689" ind1="0" ind2="0"><subfield code="0">(DE-588)701748680</subfield><subfield code="D">u</subfield><subfield code="a">Wagner, Richard &lt;1813-1883&gt;. Â&#156;DerÂ&#156; Ring des Nibelungen (Oper : 1869-1874)</subfield><subfield code="5">DE-101</subfield></datafield><datafield tag="700" ind1="1" ind2=" "><subfield code="0">(DE-588)118594117</subfield><subfield code="0">(DE-Frei129)00149311</subfield><subfield code="a">Wagner, Richard</subfield><subfield code="4">aut</subfield></datafield><datafield tag="700" ind1="1" ind2=" "><subfield code="0">(DE-588)115720065</subfield><subfield code="0">(DE-Frei129)00041296</subfield><subfield code="a">Pahlen, Kurt</subfield><subfield code="4">oth</subfield></datafield><datafield tag="852" ind1=" " ind2=" "><subfield code="a">Frei 129</subfield><subfield code="b">PHFR</subfield><subfield code="c">LP 66484 W134 G5 (6)</subfield></datafield><datafield tag="980" ind1="0" ind2=" "><subfield code="a">00223809</subfield><subfield code="9">(PHFR)</subfield><subfield code="b">3.OG (37)</subfield><subfield code="c">LP 66484 W134 G5 (6)</subfield><subfield code="d">Standardleihe (01)</subfield><subfield code="e">Verfügbar (X)</subfield></datafield></record>