
<record><leader>03617nam a2200000uu 4500</leader><controlfield tag="001">02357590</controlfield><controlfield tag="003">DE-Frei129</controlfield><controlfield tag="005">20220811084028.0</controlfield><controlfield tag="007">tu</controlfield><controlfield tag="008">130618s2010    ||||||||||||||||||||ger||</controlfield><datafield tag="020" ind1=" " ind2=" "><subfield code="a">9783254080363</subfield><subfield code="9">9783254080363</subfield></datafield><datafield tag="035" ind1=" " ind2=" "><subfield code="a">(DE-576)1603543392</subfield></datafield><datafield tag="041" ind1=" " ind2=" "><subfield code="a">ger</subfield></datafield><datafield tag="245" ind1="1" ind2="0"><subfield code="a">Tristan und Isolde</subfield><subfield code="b">Textbuch</subfield><subfield code="c">Richard Wagner. Einf. u. Kommentar von Kurt Pahlen</subfield></datafield><datafield tag="260" ind1="3" ind2=" "><subfield code="a">Mainz</subfield><subfield code="b">Schott Söhne</subfield><subfield code="c">2010</subfield></datafield><datafield tag="300" ind1=" " ind2=" "><subfield code="a">378 Seiten</subfield><subfield code="b">Ill., Notenbeisp.</subfield></datafield><datafield tag="490" ind1="0" ind2=" "><subfield code="a">Opern der Welt</subfield></datafield><datafield tag="600" ind1="1" ind2="7"><subfield code="0">(DE-Frei129)58088271</subfield><subfield code="a">Wagner, Richard</subfield><subfield code="2">local</subfield></datafield><datafield tag="650" ind1=" " ind2="7"><subfield code="a">Tristan und Isolde</subfield><subfield code="0">(DE-Frei129)14279940</subfield><subfield code="2">local</subfield></datafield><datafield tag="650" ind1=" " ind2="7"><subfield code="a">Libretto</subfield><subfield code="0">(DE-Frei129)00015341</subfield><subfield code="0">(DE-588)4035588-3</subfield><subfield code="2">gnd</subfield></datafield><datafield tag="650" ind1=" " ind2="7"><subfield code="a">Kommentar</subfield><subfield code="0">(DE-Frei129)00049973</subfield><subfield code="0">(DE-588)4136710-8</subfield><subfield code="2">gnd</subfield></datafield><datafield tag="689" ind1="0" ind2="0"><subfield code="A">n</subfield><subfield code="a">Wagner, Richard </subfield></datafield><datafield tag="689" ind1="0" ind2="1"><subfield code="A">s</subfield><subfield code="a">Tristan und Isolde </subfield></datafield><datafield tag="689" ind1="0" ind2="2"><subfield code="0">(DE-588)4035588-3</subfield><subfield code="D">s</subfield><subfield code="a">Libretto </subfield></datafield><datafield tag="689" ind1="0" ind2="3"><subfield code="0">(DE-588)4136710-8</subfield><subfield code="D">s</subfield><subfield code="a">Kommentar</subfield><subfield code="5">DE-101</subfield></datafield><datafield tag="700" ind1="1" ind2=" "><subfield code="0">(DE-588)118594117</subfield><subfield code="0">(DE-Frei129)00149311</subfield><subfield code="a">Wagner, Richard</subfield><subfield code="4">aut</subfield></datafield><datafield tag="700" ind1="1" ind2=" "><subfield code="0">(DE-588)115720065</subfield><subfield code="0">(DE-Frei129)00041296</subfield><subfield code="a">Pahlen, Kurt</subfield><subfield code="4">oth</subfield></datafield><datafield tag="852" ind1=" " ind2=" "><subfield code="a">Frei 129</subfield><subfield code="b">PHFR</subfield><subfield code="c">LP 66484 W134 T8</subfield></datafield><datafield tag="980" ind1="0" ind2=" "><subfield code="a">00223810</subfield><subfield code="9">(PHFR)</subfield><subfield code="b">3.OG (37)</subfield><subfield code="c">LP 66484 W134 T8</subfield><subfield code="d">Standardleihe (01)</subfield><subfield code="e">Verfügbar (X)</subfield></datafield></record>