
<record><leader>02628nam a2200000uu 4500</leader><controlfield tag="001">02357580</controlfield><controlfield tag="003">DE-Frei129</controlfield><controlfield tag="005">20220811084028.0</controlfield><controlfield tag="007">tu</controlfield><controlfield tag="008">130618s2010    ||||||||||||||||||||ger||</controlfield><datafield tag="020" ind1=" " ind2=" "><subfield code="a">9783254080370</subfield><subfield code="9">9783254080370</subfield><subfield code="c">EUR 14.00</subfield></datafield><datafield tag="035" ind1=" " ind2=" "><subfield code="a">(DE-576)1603532293</subfield></datafield><datafield tag="041" ind1=" " ind2=" "><subfield code="a">ger</subfield></datafield><datafield tag="245" ind1="1" ind2="4"><subfield code="a">Die Walküre - der Ring des Nibelungen</subfield><subfield code="b">Textbuch</subfield><subfield code="c">Richard Wagner ; Textbuch, Einführung und Kommentar von Kurt Pahlen unter Mitarbeit von Rosmarie König</subfield></datafield><datafield tag="250" ind1=" " ind2=" "><subfield code="a">6. Aufl.</subfield></datafield><datafield tag="260" ind1="3" ind2=" "><subfield code="a">Mainz</subfield><subfield code="b">Schott Söhne</subfield><subfield code="c">2010</subfield></datafield><datafield tag="300" ind1=" " ind2=" "><subfield code="a">333 Seiten</subfield><subfield code="b">Illustrationen, Notenbeispiele</subfield></datafield><datafield tag="490" ind1="0" ind2=" "><subfield code="a">Opern der Welt</subfield></datafield><datafield tag="700" ind1="1" ind2=" "><subfield code="0">(DE-588)118594117</subfield><subfield code="0">(DE-Frei129)00149311</subfield><subfield code="a">Wagner, Richard</subfield><subfield code="4">aut</subfield></datafield><datafield tag="700" ind1="1" ind2=" "><subfield code="0">(DE-588)115720065</subfield><subfield code="0">(DE-Frei129)00041296</subfield><subfield code="a">Pahlen, Kurt</subfield><subfield code="4">oth</subfield></datafield><datafield tag="700" ind1="1" ind2=" "><subfield code="0">(DE-588)1089730357</subfield><subfield code="0">(DE-Frei129)58045557</subfield><subfield code="a">König, Rosemarie</subfield><subfield code="4">oth</subfield></datafield><datafield tag="852" ind1=" " ind2=" "><subfield code="a">Frei 129</subfield><subfield code="b">PHFR</subfield><subfield code="c">LP 66484 W134 (6)</subfield></datafield><datafield tag="980" ind1="0" ind2=" "><subfield code="a">00223803</subfield><subfield code="9">(PHFR)</subfield><subfield code="b">3.OG (37)</subfield><subfield code="c">LP 66484 W134 (6)</subfield><subfield code="d">Standardleihe (01)</subfield><subfield code="e">Verfügbar (X)</subfield></datafield></record>