
<record><leader>04618nam a2200000uu 4500</leader><controlfield tag="001">02357530</controlfield><controlfield tag="003">DE-Frei129</controlfield><controlfield tag="005">20220811084028.0</controlfield><controlfield tag="007">tu</controlfield><controlfield tag="008">130611s2010    ||||||||||||||||||||eng||</controlfield><datafield tag="020" ind1=" " ind2=" "><subfield code="a">9781416610748</subfield><subfield code="9">978-1-4166-1074-8</subfield><subfield code="c">pbk. : alk. paper</subfield></datafield><datafield tag="035" ind1=" " ind2=" "><subfield code="a">(DE-576)1603441115</subfield></datafield><datafield tag="041" ind1=" " ind2=" "><subfield code="a">eng</subfield></datafield><datafield tag="044" ind1=" " ind2=" "><subfield code="c">XD-US</subfield></datafield><datafield tag="245" ind1="1" ind2="0"><subfield code="a">Leading and managing a differentiated classroom</subfield><subfield code="c">Carol Ann Tomlinson; Marcia B. Imbeau</subfield></datafield><datafield tag="246" ind1="1" ind2="3"><subfield code="a">A differentiated classroom</subfield></datafield><datafield tag="260" ind1="3" ind2=" "><subfield code="a">Alexandria, Va.</subfield><subfield code="b">ASCD</subfield><subfield code="c">2010 2010</subfield></datafield><datafield tag="300" ind1=" " ind2=" "><subfield code="a">XIX, 187  Seiten</subfield><subfield code="b">Ill., graph. Darst.</subfield></datafield><datafield tag="501" ind1=" " ind2=" "><subfield code="a">Includes bibliographical references and index</subfield></datafield><datafield tag="650" ind1=" " ind2="7"><subfield code="a">Schüler</subfield><subfield code="0">(DE-Frei129)00002305</subfield><subfield code="0">(DE-588)4053369-4</subfield><subfield code="2">gnd</subfield></datafield><datafield tag="650" ind1=" " ind2="7"><subfield code="a">Behinderung</subfield><subfield code="0">(DE-Frei129)00003148</subfield><subfield code="0">(DE-588)4112696-8</subfield><subfield code="2">gnd</subfield></datafield><datafield tag="650" ind1=" " ind2="7"><subfield code="a">Integrativer Unterricht</subfield><subfield code="0">(DE-Frei129)00051285</subfield><subfield code="0">(DE-588)4138728-4</subfield><subfield code="2">gnd</subfield></datafield><datafield tag="651" ind1=" " ind2="7"><subfield code="a">USA</subfield><subfield code="0">(DE-Frei129)00031006</subfield><subfield code="0">(DE-588)4078704-7</subfield><subfield code="2">gnd</subfield></datafield><datafield tag="689" ind1="0" ind2="0"><subfield code="0">(DE-588)4078704-7</subfield><subfield code="D">g</subfield><subfield code="a">USA </subfield></datafield><datafield tag="689" ind1="0" ind2="1"><subfield code="0">(DE-588)4053369-4</subfield><subfield code="D">s</subfield><subfield code="a">Schüler </subfield></datafield><datafield tag="689" ind1="0" ind2="2"><subfield code="0">(DE-588)4112696-8</subfield><subfield code="D">s</subfield><subfield code="a">Behinderung </subfield></datafield><datafield tag="689" ind1="0" ind2="3"><subfield code="0">(DE-588)4138728-4</subfield><subfield code="D">s</subfield><subfield code="a">Integrativer Unterricht</subfield><subfield code="5">DE-101</subfield></datafield><datafield tag="700" ind1="1" ind2=" "><subfield code="0">(DE-588)138987912</subfield><subfield code="0">(DE-Frei129)00811918</subfield><subfield code="a">Tomlinson, Carol A.</subfield><subfield code="4">aut</subfield></datafield><datafield tag="700" ind1="1" ind2=" "><subfield code="0">(DE-Frei129)00810848</subfield><subfield code="a">Imbeau, Marcia B.</subfield><subfield code="4">aut</subfield></datafield><datafield tag="776" ind1="0" ind2="8"><subfield code="i">Erscheint auch als Online-Ausgabe</subfield><subfield code="t">Leading and Managing a Differentiated Classroom</subfield><subfield code="w">(DE-Frei129)02576224</subfield><subfield code="w">(DE-576)396929362</subfield></datafield><datafield tag="852" ind1=" " ind2=" "><subfield code="a">Frei129</subfield><subfield code="c">Paed T 180: 232</subfield></datafield><datafield tag="856" ind1="4" ind2=" "><subfield code="8">00</subfield><subfield code="u">http://bvbr.bib-bvb.de:8991/F?func=service&amp;doc_library=BVB01&amp;doc_number=021197848&amp;line_number=0001&amp;func_code=DB_RECORDS&amp;service_type=MEDIA</subfield><subfield code="y">Inhaltsverzeichnis</subfield></datafield><datafield tag="980" ind1="0" ind2=" "><subfield code="a">00332443</subfield><subfield code="9">(PHFR)</subfield><subfield code="b">Handbibliothek (50)</subfield><subfield code="c">Paed T 180: 232</subfield><subfield code="d">Handbibliothek - nie verleihbar (54)</subfield><subfield code="e">Verfügbar (X)</subfield></datafield></record>