
<record><leader>02958nam a2200000uu 4500</leader><controlfield tag="001">02357496</controlfield><controlfield tag="003">DE-Frei129</controlfield><controlfield tag="005">20220811084028.0</controlfield><controlfield tag="007">tu</controlfield><controlfield tag="008">130607s2010    ||||||||||||||||||||ger||</controlfield><datafield tag="020" ind1=" " ind2=" "><subfield code="a">3894321636</subfield><subfield code="9">3-89432-163-6</subfield></datafield><datafield tag="035" ind1=" " ind2=" "><subfield code="a">(DE-576)1603388273</subfield></datafield><datafield tag="041" ind1=" " ind2=" "><subfield code="a">ger</subfield></datafield><datafield tag="100" ind1="1" ind2=" "><subfield code="a">Zörner, Herbert</subfield><subfield code="0">(DE-Frei129)00061842</subfield></datafield><datafield tag="245" ind1="1" ind2="4"><subfield code="a">Der Feldhase</subfield><subfield code="b">Lepus europaeus</subfield><subfield code="c">Herbert Zörner</subfield></datafield><datafield tag="250" ind1=" " ind2=" "><subfield code="a">3. unveränd. Aufl., Nachdr. der 1. Aufl. von 1981</subfield></datafield><datafield tag="260" ind1="3" ind2=" "><subfield code="a">Hohenwarsleben</subfield><subfield code="b">Westarp-Wiss.</subfield><subfield code="c">2010</subfield></datafield><datafield tag="300" ind1=" " ind2=" "><subfield code="a">172  Seiten</subfield><subfield code="c">Ill., graph. Darst.</subfield></datafield><datafield tag="490" ind1="1" ind2=" "><subfield code="a">Die neue Brehm-Bücherei </subfield><subfield code="v">169</subfield></datafield><datafield tag="650" ind1=" " ind2="7"><subfield code="a">Feldhase</subfield><subfield code="0">(DE-Frei129)00049189</subfield><subfield code="0">(DE-588)4135436-9</subfield><subfield code="2">gnd</subfield></datafield><datafield tag="689" ind1="0" ind2="0"><subfield code="0">(DE-588)4135436-9</subfield><subfield code="D">s</subfield><subfield code="a">Feldhase</subfield><subfield code="5">DE-101</subfield></datafield><datafield tag="830" ind1=" " ind2="0"><subfield code="a">Die neue Brehm-Bücherei</subfield><subfield code="v">169</subfield><subfield code="w">(DE-Frei129)00058534</subfield><subfield code="9">3169</subfield></datafield><datafield tag="852" ind1=" " ind2=" "><subfield code="a">Frei129</subfield><subfield code="c">Bio D 750: 98</subfield></datafield><datafield tag="980" ind1="0" ind2=" "><subfield code="a">00235979</subfield><subfield code="9">(PHFR)</subfield><subfield code="b">UG (33)</subfield><subfield code="c">Bio D 750: 98</subfield><subfield code="d">Standardleihe (01)</subfield><subfield code="e">Verfügbar (X)</subfield></datafield><datafield tag="980" ind1="0" ind2=" "><subfield code="a">00279797</subfield><subfield code="9">(PHFR)</subfield><subfield code="b">Handbibliothek (50)</subfield><subfield code="c">Bio D 750: 98</subfield><subfield code="d">Handbibliothek - nie verleihbar (54)</subfield><subfield code="e">Verfügbar (X)</subfield></datafield></record>