
<record><leader>01887nam a2200000uuc4500</leader><controlfield tag="001">02357432</controlfield><controlfield tag="003">DE-Frei129</controlfield><controlfield tag="005">20220811084028.0</controlfield><controlfield tag="007">tu</controlfield><controlfield tag="008">130605s2010    ||||||||||||||||||||ger||</controlfield><datafield tag="020" ind1=" " ind2=" "><subfield code="a">9783141900101</subfield><subfield code="9">9783141900101</subfield></datafield><datafield tag="035" ind1=" " ind2=" "><subfield code="a">(DE-576)1453067876</subfield></datafield><datafield tag="041" ind1=" " ind2=" "><subfield code="a">ger</subfield></datafield><datafield tag="245" ind1="1" ind2="0"><subfield code="a">Start in die Kartenwelt</subfield><subfield code="n">Lehrerbd.</subfield><subfield code="p">Lehrerband mit Kopiervorlagen</subfield><subfield code="c">Jürgen Nebel</subfield></datafield><datafield tag="250" ind1=" " ind2=" "><subfield code="a">Nachdr.</subfield></datafield><datafield tag="260" ind1="3" ind2=" "><subfield code="a">Braunschweig</subfield><subfield code="b">Westermann</subfield><subfield code="c">2010</subfield></datafield><datafield tag="300" ind1=" " ind2=" "><subfield code="a">78 Seiten</subfield><subfield code="b">Ill.</subfield></datafield><datafield tag="773" ind1="0" ind2="8"><subfield code="w">(DE-Frei129)00114886</subfield><subfield code="q">LEHR42010</subfield></datafield><datafield tag="852" ind1=" " ind2=" "><subfield code="a">Frei 129</subfield><subfield code="b">PHFR</subfield><subfield code="c">RB 10063 I S796 L</subfield></datafield><datafield tag="980" ind1="0" ind2=" "><subfield code="a">00224071</subfield><subfield code="9">(PHFR)</subfield><subfield code="b">UG (33)</subfield><subfield code="c">RB 10063 I S796 L +1</subfield><subfield code="d">Standardleihe (01)</subfield><subfield code="e">Verfügbar (X)</subfield></datafield></record>