
<record><leader>04038nam a2200000uu 4500</leader><controlfield tag="001">02357369</controlfield><controlfield tag="003">DE-Frei129</controlfield><controlfield tag="005">20220811084028.0</controlfield><controlfield tag="007">tu</controlfield><controlfield tag="008">131001s2010    ||||||||||||||||||||ger||</controlfield><datafield tag="020" ind1=" " ind2=" "><subfield code="a">9783254080141</subfield><subfield code="9">9783254080141</subfield></datafield><datafield tag="035" ind1=" " ind2=" "><subfield code="a">(DE-576)769052762</subfield></datafield><datafield tag="040" ind1=" " ind2=" "><subfield code="e">rda</subfield></datafield><datafield tag="041" ind1=" " ind2=" "><subfield code="a">ger</subfield><subfield code="a">ita</subfield></datafield><datafield tag="044" ind1=" " ind2=" "><subfield code="c">XA-DE</subfield></datafield><datafield tag="100" ind1="1" ind2=" "><subfield code="a">Puccini, Giacomo</subfield><subfield code="0">(DE-Frei129)00508432</subfield><subfield code="0">(DE-588)118596942</subfield></datafield><datafield tag="245" ind1="1" ind2="0"><subfield code="a">Tosca</subfield><subfield code="b">Textbuch (Italienisch - Deutsch)</subfield><subfield code="c">Giacomo Puccini ; Einführung und Kommentar von Kurt Pahlen ; unter Mitarbeit von Rosmarie König</subfield></datafield><datafield tag="264" ind1=" " ind2="4"><subfield code="a">Mainz</subfield><subfield code="b">Schott</subfield><subfield code="c">[2010]</subfield></datafield><datafield tag="264" ind1=" " ind2="4"><subfield code="c">© 2010</subfield></datafield><datafield tag="300" ind1=" " ind2=" "><subfield code="a">287 Seiten</subfield><subfield code="b">Illustrationen, Notenbeispiele</subfield></datafield><datafield tag="336" ind1=" " ind2=" "><subfield code="a">text</subfield><subfield code="b">txt</subfield><subfield code="2">rdacontent</subfield></datafield><datafield tag="337" ind1=" " ind2=" "><subfield code="a">unmediated</subfield><subfield code="b">n</subfield><subfield code="2">rdamedia</subfield></datafield><datafield tag="338" ind1=" " ind2=" "><subfield code="a">volume</subfield><subfield code="b">nc</subfield><subfield code="2">rdacarrier</subfield></datafield><datafield tag="490" ind1="0" ind2=" "><subfield code="a">Opern der Welt</subfield></datafield><datafield tag="500" ind1=" " ind2=" "><subfield code="a">Text teilweise deutsch, teilweise italienisch</subfield></datafield><datafield tag="630" ind1="0" ind2="7"><subfield code="a">Tosca</subfield><subfield code="0">(DE-Frei129)02358381</subfield><subfield code="0">(DE-588)701702060</subfield><subfield code="2">gnd</subfield></datafield><datafield tag="650" ind1=" " ind2="7"><subfield code="a">Tosca</subfield><subfield code="0">(DE-Frei129)14328340</subfield><subfield code="2">local</subfield></datafield><datafield tag="689" ind1="0" ind2="0"><subfield code="0">(DE-588)701702060</subfield><subfield code="D">u</subfield><subfield code="a">Puccini, Giacomo &lt;1858-1924&gt;. Tosca (Oper : 1900) </subfield></datafield><datafield tag="689" ind1="0" ind2="1"><subfield code="A">s</subfield><subfield code="a">Tosca</subfield><subfield code="5">DE-101</subfield></datafield><datafield tag="700" ind1="1" ind2=" "><subfield code="0">(DE-588)115720065</subfield><subfield code="0">(DE-Frei129)00041296</subfield><subfield code="a">Pahlen, Kurt</subfield><subfield code="4">aut</subfield></datafield><datafield tag="700" ind1="1" ind2=" "><subfield code="0">(DE-Frei129)58040501</subfield><subfield code="a">König, Rosmarie</subfield><subfield code="4">ctb</subfield></datafield><datafield tag="852" ind1=" " ind2=" "><subfield code="a">Frei 129</subfield><subfield code="b">PHFR</subfield><subfield code="c">LP 65250 T713</subfield></datafield><datafield tag="980" ind1="0" ind2=" "><subfield code="a">00223801</subfield><subfield code="9">(PHFR)</subfield><subfield code="b">3.OG (37)</subfield><subfield code="c">LP 65250 T713</subfield><subfield code="d">Standardleihe (01)</subfield><subfield code="e">Verfügbar (X)</subfield></datafield></record>