
<record><leader>04595nam a2200000uu 4500</leader><controlfield tag="001">02357180</controlfield><controlfield tag="003">DE-Frei129</controlfield><controlfield tag="005">20220811084028.0</controlfield><controlfield tag="007">tu</controlfield><controlfield tag="008">130517s2010    ||||||||||||||||||||eng||</controlfield><datafield tag="020" ind1=" " ind2=" "><subfield code="a">9783125798724</subfield><subfield code="9">978-3-12-579872-4</subfield></datafield><datafield tag="035" ind1=" " ind2=" "><subfield code="a">(DE-576)1603080899</subfield></datafield><datafield tag="041" ind1=" " ind2=" "><subfield code="a">eng</subfield></datafield><datafield tag="044" ind1=" " ind2=" "><subfield code="c">XA-GB</subfield></datafield><datafield tag="245" ind1="1" ind2="4"><subfield code="a">The white tiger</subfield><subfield code="c">Aravind Adiga</subfield></datafield><datafield tag="260" ind1="3" ind2=" "><subfield code="a">London</subfield><subfield code="b">Atlantic</subfield><subfield code="c">2010</subfield></datafield><datafield tag="300" ind1=" " ind2=" "><subfield code="a">319  Seiten</subfield><subfield code="c">21cm</subfield></datafield><datafield tag="648" ind1=" " ind2="7"><subfield code="a">Geschichte 1900-2007</subfield><subfield code="0">(DE-Frei129)00121120</subfield><subfield code="2">local</subfield></datafield><datafield tag="650" ind1=" " ind2="7"><subfield code="a">Delhi (India)</subfield><subfield code="0">(DE-Frei129)00761151</subfield><subfield code="2">local</subfield></datafield><datafield tag="650" ind1=" " ind2="7"><subfield code="a">Social conditions</subfield><subfield code="0">(DE-Frei129)00229520</subfield><subfield code="2">local</subfield></datafield><datafield tag="650" ind1=" " ind2="7"><subfield code="a">Fiction</subfield><subfield code="0">(DE-Frei129)00238008</subfield><subfield code="2">local</subfield></datafield><datafield tag="650" ind1=" " ind2="7"><subfield code="a">Englisch</subfield><subfield code="0">(DE-Frei129)00006961</subfield><subfield code="0">(DE-588)4014777-0</subfield><subfield code="2">gnd</subfield></datafield><datafield tag="650" ind1=" " ind2="7"><subfield code="a">Roman</subfield><subfield code="0">(DE-Frei129)00141734</subfield><subfield code="0">(DE-588)4050479-7</subfield><subfield code="2">gnd</subfield></datafield><datafield tag="651" ind1=" " ind2="7"><subfield code="a">Indien</subfield><subfield code="0">(DE-Frei129)00011710</subfield><subfield code="0">(DE-588)4026722-2</subfield><subfield code="2">gnd</subfield></datafield><datafield tag="655" ind1=" " ind2="7"><subfield code="a">Text</subfield><subfield code="0">(DE-Frei129)00000309</subfield><subfield code="2">local</subfield></datafield><datafield tag="689" ind1="0" ind2="0"><subfield code="A">s</subfield><subfield code="a">Delhi (India) </subfield></datafield><datafield tag="689" ind1="0" ind2="1"><subfield code="A">s</subfield><subfield code="a">Social conditions </subfield></datafield><datafield tag="689" ind1="0" ind2="2"><subfield code="A">s</subfield><subfield code="a">Fiction</subfield><subfield code="5">DE-101</subfield></datafield><datafield tag="689" ind1="1" ind2="0"><subfield code="0">(DE-588)4014777-0</subfield><subfield code="D">s</subfield><subfield code="a">Englisch </subfield></datafield><datafield tag="689" ind1="1" ind2="1"><subfield code="0">(DE-588)4050479-7</subfield><subfield code="D">s</subfield><subfield code="a">Roman </subfield></datafield><datafield tag="689" ind1="1" ind2="2"><subfield code="0">(DE-588)4026722-2</subfield><subfield code="D">g</subfield><subfield code="a">Indien </subfield></datafield><datafield tag="689" ind1="1" ind2="3"><subfield code="A">s</subfield><subfield code="a">Geschichte 1900-2007 </subfield></datafield><datafield tag="689" ind1="1" ind2="4"><subfield code="A">s</subfield><subfield code="a">Text</subfield><subfield code="5">DE-101</subfield></datafield><datafield tag="700" ind1="1" ind2=" "><subfield code="0">(DE-588)135666287</subfield><subfield code="0">(DE-Frei129)00166853</subfield><subfield code="a">Adiga, Aravind</subfield><subfield code="4">aut</subfield></datafield><datafield tag="852" ind1=" " ind2=" "><subfield code="a">Frei 129</subfield><subfield code="b">PHFR</subfield><subfield code="c">HQ 6110 W582 +1</subfield></datafield><datafield tag="980" ind1="0" ind2=" "><subfield code="a">00224938</subfield><subfield code="9">(PHFR)</subfield><subfield code="b">2.OG (35)</subfield><subfield code="c">HQ 6110 W582 +1</subfield><subfield code="d">Standardleihe (01)</subfield><subfield code="e">Verfügbar (X)</subfield></datafield></record>