
<record><leader>03545nam a2200000uu 4500</leader><controlfield tag="001">02357061</controlfield><controlfield tag="003">DE-Frei129</controlfield><controlfield tag="005">20220811084028.0</controlfield><controlfield tag="007">tu</controlfield><controlfield tag="008">130508s2010    ||||||||||||||||||||eng||</controlfield><datafield tag="020" ind1=" " ind2=" "><subfield code="a">9781407104232</subfield><subfield code="9">9781407104232</subfield></datafield><datafield tag="035" ind1=" " ind2=" "><subfield code="a">(DE-576)1602965994</subfield></datafield><datafield tag="041" ind1=" " ind2=" "><subfield code="a">eng</subfield></datafield><datafield tag="044" ind1=" " ind2=" "><subfield code="c">XA-GB</subfield></datafield><datafield tag="245" ind1="1" ind2="0"><subfield code="a">Gruesome guides: London</subfield><subfield code="c">Terry Deary; ill. by Martin Brown</subfield></datafield><datafield tag="260" ind1="3" ind2=" "><subfield code="a">London</subfield><subfield code="b">Scholastic</subfield><subfield code="c">2010</subfield></datafield><datafield tag="300" ind1=" " ind2=" "><subfield code="a">127 Seiten</subfield><subfield code="b">zahlr. Ill.</subfield><subfield code="c">20cm</subfield></datafield><datafield tag="490" ind1="0" ind2=" "><subfield code="a">Horrible histories</subfield></datafield><datafield tag="500" ind1=" " ind2=" "><subfield code="a">Formerly CIP</subfield></datafield><datafield tag="650" ind1=" " ind2="7"><subfield code="a">London (England)</subfield><subfield code="0">(DE-Frei129)00239103</subfield><subfield code="2">local</subfield></datafield><datafield tag="650" ind1=" " ind2="7"><subfield code="a">History</subfield><subfield code="0">(DE-Frei129)00229518</subfield><subfield code="2">local</subfield></datafield><datafield tag="650" ind1=" " ind2="7"><subfield code="a">Miscellanea</subfield><subfield code="0">(DE-Frei129)00242709</subfield><subfield code="2">local</subfield></datafield><datafield tag="650" ind1=" " ind2="7"><subfield code="a">Juvenile literature</subfield><subfield code="0">(DE-Frei129)00240709</subfield><subfield code="2">local</subfield></datafield><datafield tag="689" ind1="0" ind2="0"><subfield code="A">s</subfield><subfield code="a">London (England) </subfield></datafield><datafield tag="689" ind1="0" ind2="1"><subfield code="A">s</subfield><subfield code="a">History </subfield></datafield><datafield tag="689" ind1="0" ind2="2"><subfield code="A">s</subfield><subfield code="a">Miscellanea </subfield></datafield><datafield tag="689" ind1="0" ind2="3"><subfield code="A">s</subfield><subfield code="a">Juvenile literature</subfield><subfield code="5">DE-101</subfield></datafield><datafield tag="700" ind1="1" ind2=" "><subfield code="0">(DE-588)115715827</subfield><subfield code="0">(DE-Frei129)00456650</subfield><subfield code="a">Deary, Terry</subfield><subfield code="4">aut</subfield></datafield><datafield tag="700" ind1="1" ind2=" "><subfield code="0">(DE-Frei129)00007808</subfield><subfield code="a">Brown, Martin</subfield><subfield code="4">oth</subfield></datafield><datafield tag="852" ind1=" " ind2=" "><subfield code="a">Frei 129</subfield><subfield code="b">PHFR</subfield><subfield code="c">HD 240 D285 L8</subfield></datafield><datafield tag="980" ind1="0" ind2=" "><subfield code="a">00225178</subfield><subfield code="9">(PHFR)</subfield><subfield code="b">2.OG (35)</subfield><subfield code="c">HD 240 D285 L8</subfield><subfield code="d">Standardleihe (01)</subfield><subfield code="e">Nicht im Regal</subfield></datafield></record>