
<record><leader>04991nam a2200000uu 4500</leader><controlfield tag="001">02355181</controlfield><controlfield tag="003">DE-Frei129</controlfield><controlfield tag="005">20220811084028.0</controlfield><controlfield tag="007">tu</controlfield><controlfield tag="008">130319s2010    ||||||||||||||||||||fre||</controlfield><datafield tag="020" ind1=" " ind2=" "><subfield code="a">9782206016467</subfield><subfield code="9">9782206016467</subfield><subfield code="c">br</subfield></datafield><datafield tag="020" ind1=" " ind2=" "><subfield code="a">220601646X</subfield><subfield code="9">220601646X</subfield><subfield code="c">br</subfield></datafield><datafield tag="035" ind1=" " ind2=" "><subfield code="a">(DE-576)1602265577</subfield></datafield><datafield tag="041" ind1=" " ind2=" "><subfield code="a">fre</subfield></datafield><datafield tag="044" ind1=" " ind2=" "><subfield code="c">XA-FR</subfield></datafield><datafield tag="245" ind1="1" ind2="0"><subfield code="a">Pour enseigner les langues avec le CECRL</subfield><subfield code="b">clés et conseils</subfield><subfield code="c">Claire Bourguignon</subfield></datafield><datafield tag="246" ind1="1" ind2="0"><subfield code="a">Pour enseigner les langues avec le Cadre européen commun de référence pour les langues</subfield></datafield><datafield tag="260" ind1="3" ind2=" "><subfield code="a">Paris</subfield><subfield code="b">Delagrave</subfield><subfield code="c">2010</subfield></datafield><datafield tag="300" ind1=" " ind2=" "><subfield code="a">125 Seiten</subfield><subfield code="b">graph. Darst.</subfield><subfield code="c">24 cm</subfield></datafield><datafield tag="490" ind1="0" ind2=" "><subfield code="a">Pédagogie et formation</subfield></datafield><datafield tag="500" ind1=" " ind2=" "><subfield code="a">CECRL = Cadre européen commun de référence pour les langues. - Autre tirage : 2011. - Bibliogr. p. 125-[126]. Glossaire</subfield></datafield><datafield tag="650" ind1=" " ind2="7"><subfield code="a">Langues vivantes</subfield><subfield code="0">(DE-Frei129)08002235</subfield><subfield code="2">local</subfield></datafield><datafield tag="650" ind1=" " ind2="7"><subfield code="a">Étude et enseignement</subfield><subfield code="0">(DE-Frei129)00278256</subfield><subfield code="2">local</subfield></datafield><datafield tag="650" ind1=" " ind2="7"><subfield code="a">1990-</subfield><subfield code="0">(DE-Frei129)00237300</subfield><subfield code="2">local</subfield></datafield><datafield tag="650" ind1=" " ind2="7"><subfield code="a">France</subfield><subfield code="0">(DE-Frei129)00239784</subfield><subfield code="2">local</subfield></datafield><datafield tag="650" ind1=" " ind2="7"><subfield code="a">langue - enseignement</subfield><subfield code="0">(DE-Frei129)00756688</subfield><subfield code="2">local</subfield></datafield><datafield tag="650" ind1=" " ind2="7"><subfield code="a">Europe</subfield><subfield code="0">(DE-Frei129)00235118</subfield><subfield code="2">local</subfield></datafield><datafield tag="650" ind1=" " ind2="7"><subfield code="a">langue - apprentissage (psychologie)</subfield><subfield code="0">(DE-Frei129)00756689</subfield><subfield code="2">local</subfield></datafield><datafield tag="689" ind1="0" ind2="0"><subfield code="A">s</subfield><subfield code="a">Langues vivantes </subfield></datafield><datafield tag="689" ind1="0" ind2="1"><subfield code="A">s</subfield><subfield code="a">Étude et enseignement </subfield></datafield><datafield tag="689" ind1="0" ind2="2"><subfield code="A">s</subfield><subfield code="a">1990- </subfield></datafield><datafield tag="689" ind1="0" ind2="3"><subfield code="A">s</subfield><subfield code="a">France</subfield><subfield code="5">DE-101</subfield></datafield><datafield tag="689" ind1="1" ind2="0"><subfield code="A">s</subfield><subfield code="a">langue - enseignement </subfield></datafield><datafield tag="689" ind1="1" ind2="1"><subfield code="A">s</subfield><subfield code="a">Europe</subfield><subfield code="5">DE-101</subfield></datafield><datafield tag="689" ind1="2" ind2="0"><subfield code="A">s</subfield><subfield code="a">langue - apprentissage (psychologie) </subfield></datafield><datafield tag="689" ind1="2" ind2="1"><subfield code="A">s</subfield><subfield code="a">Europe</subfield><subfield code="5">DE-101</subfield></datafield><datafield tag="700" ind1="1" ind2=" "><subfield code="0">(DE-Frei129)00160738</subfield><subfield code="a">Bourguignon, Claire</subfield><subfield code="4">aut</subfield></datafield><datafield tag="852" ind1=" " ind2=" "><subfield code="a">Frei129</subfield><subfield code="c">ES 750 B773</subfield></datafield><datafield tag="980" ind1="0" ind2=" "><subfield code="a">00279978</subfield><subfield code="9">(PHFR)</subfield><subfield code="b">Handbibliothek (50)</subfield><subfield code="c">Fre M 160: 71</subfield><subfield code="d">Handbibliothek - nie verleihbar (54)</subfield><subfield code="e">Verfügbar (X)</subfield></datafield></record>