
<record><leader>03052nam a2200000uu 4500</leader><controlfield tag="001">02355069</controlfield><controlfield tag="003">DE-Frei129</controlfield><controlfield tag="005">20220811084028.0</controlfield><controlfield tag="007">tu</controlfield><controlfield tag="008">100318s2010    ||||||||||||||||||||eng||</controlfield><datafield tag="015" ind1=" " ind2=" "><subfield code="a">10,N11</subfield></datafield><datafield tag="016" ind1="7" ind2=" "><subfield code="a">1000751414</subfield><subfield code="2">DE-101</subfield></datafield><datafield tag="020" ind1=" " ind2=" "><subfield code="a">9783839133828</subfield><subfield code="9">9783839133828</subfield><subfield code="c">PB. : EUR 12.95, sfr 22.90 (freier Pr.)</subfield></datafield><datafield tag="024" ind1="3" ind2=" "><subfield code="a">9783839133828</subfield></datafield><datafield tag="035" ind1=" " ind2=" "><subfield code="a">(DE-576)621491845</subfield></datafield><datafield tag="041" ind1=" " ind2=" "><subfield code="a">eng</subfield></datafield><datafield tag="044" ind1=" " ind2=" "><subfield code="c">XA-DE-SH</subfield></datafield><datafield tag="100" ind1="1" ind2=" "><subfield code="a">Claypole, Maurice</subfield><subfield code="0">(DE-Frei129)00810321</subfield></datafield><datafield tag="245" ind1="1" ind2="4"><subfield code="a">The fractal approach to teaching English as a foreign language</subfield><subfield code="b">dynamism and change in ELT</subfield><subfield code="c">Maurice Claypole</subfield></datafield><datafield tag="260" ind1="3" ind2=" "><subfield code="a">Norderstedt</subfield><subfield code="b">Books on Demand</subfield><subfield code="c">2010</subfield></datafield><datafield tag="300" ind1=" " ind2=" "><subfield code="a">124 Seiten</subfield><subfield code="b">Ill., graph. Darst.</subfield><subfield code="c">210 mm x 148 mm, 189 gr.</subfield></datafield><datafield tag="490" ind1="0" ind2=" "><subfield code="a">A LinguaBooks publication</subfield></datafield><datafield tag="500" ind1=" " ind2=" "><subfield code="a">IMD-Felder maschinell generiert (GBV)</subfield></datafield><datafield tag="852" ind1=" " ind2=" "><subfield code="a">Frei 129</subfield><subfield code="b">PHFR</subfield><subfield code="c">HD 184 C622</subfield></datafield><datafield tag="856" ind1="4" ind2=" "><subfield code="8">00</subfield><subfield code="u">http://deposit.d-nb.de/cgi-bin/dokserv?id=3439749&amp;prov=M&amp;dok_var=1&amp;dok_ext=htm</subfield><subfield code="y">Inhaltstext</subfield></datafield><datafield tag="856" ind1="4" ind2=" "><subfield code="8">01</subfield><subfield code="u">http://deposit.d-nb.de/cgi-bin/dokserv?id=3439749&amp;prov=M&amp;dok_var=1&amp;dok_ext=htm</subfield><subfield code="y">Verlagsinformation</subfield></datafield><datafield tag="980" ind1="0" ind2=" "><subfield code="a">00222491</subfield><subfield code="9">(PHFR)</subfield><subfield code="b">2.OG (35)</subfield><subfield code="c">HD 184 C622</subfield><subfield code="d">Standardleihe (01)</subfield><subfield code="e">Verfügbar (X)</subfield></datafield></record>