
<record><leader>03107nam a2200000uu 4500</leader><controlfield tag="001">02355067</controlfield><controlfield tag="003">DE-Frei129</controlfield><controlfield tag="005">20220811084028.0</controlfield><controlfield tag="007">tu</controlfield><controlfield tag="008">130408s2010    ||||||||||||||||||||eng||</controlfield><datafield tag="015" ind1=" " ind2=" "><subfield code="a">10,N09</subfield></datafield><datafield tag="016" ind1="7" ind2=" "><subfield code="a">1000387283</subfield><subfield code="2">DE-101</subfield></datafield><datafield tag="020" ind1=" " ind2=" "><subfield code="a">9783839139172</subfield><subfield code="9">9783839139172</subfield><subfield code="c">PB. : EUR 12.95, sfr 22.90 (freier Pr.)</subfield></datafield><datafield tag="024" ind1="3" ind2=" "><subfield code="a">9783839139172</subfield></datafield><datafield tag="035" ind1=" " ind2=" "><subfield code="a">(DE-576)160217914X</subfield></datafield><datafield tag="041" ind1=" " ind2=" "><subfield code="a">eng</subfield></datafield><datafield tag="044" ind1=" " ind2=" "><subfield code="c">XA-DE-SH</subfield></datafield><datafield tag="100" ind1="1" ind2=" "><subfield code="a">Claypole, Maurice</subfield><subfield code="0">(DE-Frei129)00810321</subfield><subfield code="4">aut</subfield></datafield><datafield tag="245" ind1="1" ind2="0"><subfield code="a">Controversies in ELT</subfield><subfield code="b">what you always wanted to know about teaching English but were afraid to ask</subfield><subfield code="c">Maurice Claypole</subfield></datafield><datafield tag="260" ind1="3" ind2=" "><subfield code="a">Norderstedt</subfield><subfield code="b">Books on Demand</subfield><subfield code="c">2010</subfield></datafield><datafield tag="300" ind1=" " ind2=" "><subfield code="a">124 Seiten</subfield><subfield code="b">Ill., graph. Darst.</subfield><subfield code="c">210 mm x 148 mm, 189 gr.</subfield></datafield><datafield tag="852" ind1=" " ind2=" "><subfield code="a">Frei 129</subfield><subfield code="b">PHFR</subfield><subfield code="c">HD 150 C622</subfield></datafield><datafield tag="856" ind1="4" ind2=" "><subfield code="8">00</subfield><subfield code="u">http://deposit.d-nb.de/cgi-bin/dokserv?id=3431251&amp;prov=M&amp;dok_var=1&amp;dok_ext=htm</subfield><subfield code="y">Inhaltstext</subfield></datafield><datafield tag="856" ind1="4" ind2=" "><subfield code="8">01</subfield><subfield code="u">http://deposit.d-nb.de/cgi-bin/dokserv?id=3431251&amp;prov=M&amp;dok_var=1&amp;dok_ext=htm</subfield><subfield code="y">Inhaltstext</subfield></datafield><datafield tag="856" ind1="4" ind2=" "><subfield code="8">02</subfield><subfield code="u">http://deposit.d-nb.de/cgi-bin/dokserv?id=3431251&amp;prov=M&amp;dok_var=1&amp;dok_ext=htm</subfield><subfield code="y">Inhaltstext</subfield></datafield><datafield tag="980" ind1="0" ind2=" "><subfield code="a">00222494</subfield><subfield code="9">(PHFR)</subfield><subfield code="b">2.OG (35)</subfield><subfield code="c">HD 150 C622</subfield><subfield code="d">Standardleihe (01)</subfield><subfield code="e">Verfügbar (X)</subfield></datafield></record>