
<record><leader>02230nam a2200000uu 4500</leader><controlfield tag="001">02355010</controlfield><controlfield tag="003">DE-Frei129</controlfield><controlfield tag="005">20220811084029.0</controlfield><controlfield tag="007">tu</controlfield><controlfield tag="008">090402s2010    ||||||||||||||||||||ger||</controlfield><datafield tag="020" ind1=" " ind2=" "><subfield code="a">9783892913887</subfield><subfield code="9">9783892913887</subfield></datafield><datafield tag="035" ind1=" " ind2=" "><subfield code="a">(DE-576)595645380</subfield></datafield><datafield tag="041" ind1=" " ind2=" "><subfield code="a">ger</subfield></datafield><datafield tag="044" ind1=" " ind2=" "><subfield code="c">XA-DE</subfield></datafield><datafield tag="100" ind1="1" ind2=" "><subfield code="a">Kelnberger, Marianne</subfield><subfield code="0">(DE-Frei129)00108047</subfield></datafield><datafield tag="245" ind1="1" ind2="0"><subfield code="a">Stochastik in der Grundschule</subfield><subfield code="b">Daten, Häufigkeit, Kombinationen, Wahrscheinlichkeit ; Unterrichtsskizzen, Arbeitsblätter, Karteikarten für Stationentraining und Freiarbeit ; Probebausteine ; [3./4. Jahrgangsstufe]</subfield><subfield code="c">Marianne Kelnberger</subfield></datafield><datafield tag="260" ind1="3" ind2=" "><subfield code="a">Puchheim</subfield><subfield code="b">Pb-Verl.</subfield><subfield code="c">2010</subfield></datafield><datafield tag="300" ind1=" " ind2=" "><subfield code="a">70 Seiten</subfield><subfield code="b">Ill., graph. Darst.</subfield></datafield><datafield tag="490" ind1="0" ind2=" "><subfield code="a">Gewusst wie!</subfield></datafield><datafield tag="500" ind1=" " ind2=" "><subfield code="a">IMD-Felder maschinell generiert (GBV)</subfield></datafield><datafield tag="852" ind1=" " ind2=" "><subfield code="a">Frei129</subfield><subfield code="c">Math N 460: 36</subfield></datafield><datafield tag="980" ind1="0" ind2=" "><subfield code="a">00279986</subfield><subfield code="9">(PHFR)</subfield><subfield code="b">Handbibliothek (50)</subfield><subfield code="c">Math N 460: 36</subfield><subfield code="d">Handbibliothek - nie verleihbar (54)</subfield><subfield code="e">Verfügbar (X)</subfield></datafield></record>