
<record><leader>06083nam a2200000uu 4500</leader><controlfield tag="001">02354771</controlfield><controlfield tag="003">DE-Frei129</controlfield><controlfield tag="005">20220811084029.0</controlfield><controlfield tag="007">tu</controlfield><controlfield tag="008">130220s2010    ||||||||||||||||||||ger||</controlfield><datafield tag="020" ind1=" " ind2=" "><subfield code="a">9783865852175</subfield><subfield code="9">9783865852175</subfield></datafield><datafield tag="035" ind1=" " ind2=" "><subfield code="a">(DE-576)1601807058</subfield></datafield><datafield tag="041" ind1=" " ind2=" "><subfield code="a">ger</subfield></datafield><datafield tag="245" ind1="1" ind2="4"><subfield code="a">Die Reformpädagogik von Alexander Neill, Célestin Freinet und Don Milani</subfield><subfield code="b">Summerhill, École Moderne und Barbiana als Beispiele befreiender Pädagogik</subfield><subfield code="c">Claudia Köster</subfield></datafield><datafield tag="250" ind1=" " ind2=" "><subfield code="a">3., unveränd. Aufl.</subfield></datafield><datafield tag="260" ind1="3" ind2=" "><subfield code="a">Oldenburg</subfield><subfield code="b">pfv</subfield><subfield code="c">2010</subfield></datafield><datafield tag="300" ind1=" " ind2=" "><subfield code="a">122  Seiten</subfield></datafield><datafield tag="490" ind1="1" ind2=" "><subfield code="a">Pädagogische Reihe </subfield><subfield code="v">17</subfield></datafield><datafield tag="500" ind1=" " ind2=" "><subfield code="a">Literaturverz. S. 116 - 122</subfield></datafield><datafield tag="600" ind1="1" ind2="7"><subfield code="0">(DE-Frei129)00150227</subfield><subfield code="0">(DE-588)118733907</subfield><subfield code="a">Milani, Lorenzo</subfield><subfield code="2">gnd</subfield></datafield><datafield tag="610" ind1="2" ind2="7"><subfield code="a">Summerhill School</subfield><subfield code="0">(DE-Frei129)00327392</subfield><subfield code="0">(DE-588)2094902-9</subfield><subfield code="2">gnd</subfield></datafield><datafield tag="610" ind1="2" ind2="7"><subfield code="a">Schülerschule</subfield><subfield code="0">(DE-Frei129)00249248</subfield><subfield code="0">(DE-588)4222397-0</subfield><subfield code="2">gnd</subfield></datafield><datafield tag="650" ind1=" " ind2="7"><subfield code="a">Antiautoritäre Erziehung</subfield><subfield code="0">(DE-Frei129)00001466</subfield><subfield code="0">(DE-588)4002252-3</subfield><subfield code="2">gnd</subfield></datafield><datafield tag="650" ind1=" " ind2="7"><subfield code="a">Freinet-Pädagogik</subfield><subfield code="0">(DE-Frei129)00050881</subfield><subfield code="0">(DE-588)4138162-2</subfield><subfield code="2">gnd</subfield></datafield><datafield tag="689" ind1="0" ind2="0"><subfield code="0">(DE-588)2094902-9</subfield><subfield code="D">b</subfield><subfield code="a">Summerhill School </subfield></datafield><datafield tag="689" ind1="0" ind2="1"><subfield code="0">(DE-588)4002252-3</subfield><subfield code="D">s</subfield><subfield code="a">Antiautoritäre Erziehung</subfield><subfield code="5">DE-101</subfield></datafield><datafield tag="689" ind1="1" ind2="0"><subfield code="0">(DE-588)4138162-2</subfield><subfield code="D">s</subfield><subfield code="a">Freinet-Pädagogik</subfield><subfield code="5">DE-101</subfield></datafield><datafield tag="689" ind1="2" ind2="0"><subfield code="0">(DE-588)118733907</subfield><subfield code="D">p</subfield><subfield code="a">Milani, Lorenzo </subfield></datafield><datafield tag="689" ind1="2" ind2="1"><subfield code="0">(DE-588)4222397-0</subfield><subfield code="D">b</subfield><subfield code="a">Schülerschule</subfield><subfield code="5">DE-101</subfield></datafield><datafield tag="700" ind1="1" ind2=" "><subfield code="0">(DE-Frei129)00146910</subfield><subfield code="a">Köster, Claudia</subfield><subfield code="4">aut</subfield></datafield><datafield tag="830" ind1=" " ind2="0"><subfield code="a">Pädagogische Reihe</subfield><subfield code="v">17</subfield><subfield code="w">(DE-Frei129)00245988</subfield><subfield code="9">217</subfield></datafield><datafield tag="852" ind1=" " ind2=" "><subfield code="a">Frei 129</subfield><subfield code="b">PHFR</subfield><subfield code="c">Paed C 630: 45</subfield></datafield><datafield tag="980" ind1="0" ind2=" "><subfield code="a">00234672</subfield><subfield code="9">(PHFR)</subfield><subfield code="b">EG-Anbau (32)</subfield><subfield code="c">Paed C 630: 45 c</subfield><subfield code="d">Standardleihe (01)</subfield><subfield code="e">Verfügbar (X)</subfield></datafield><datafield tag="980" ind1="0" ind2=" "><subfield code="a">00351603</subfield><subfield code="9">(PHFR)</subfield><subfield code="b">EG-Anbau (32)</subfield><subfield code="c">Paed C 630: 45 d</subfield><subfield code="d">Standardleihe (01)</subfield><subfield code="e">Verfügbar (X)</subfield></datafield><datafield tag="980" ind1="0" ind2=" "><subfield code="a">00353505</subfield><subfield code="9">(PHFR)</subfield><subfield code="b">EG-Anbau (32)</subfield><subfield code="c">Paed C 630: 45 e</subfield><subfield code="d">Standardleihe (01)</subfield><subfield code="e">Verfügbar (X)</subfield></datafield><datafield tag="980" ind1="0" ind2=" "><subfield code="a">00354548</subfield><subfield code="9">(PHFR)</subfield><subfield code="b">EG-Anbau (32)</subfield><subfield code="c">Paed C 630: 45 h</subfield><subfield code="d">Standardleihe (01)</subfield><subfield code="e">Verfügbar (X)</subfield></datafield><datafield tag="980" ind1="0" ind2=" "><subfield code="a">00354549</subfield><subfield code="9">(PHFR)</subfield><subfield code="b">EG-Anbau (32)</subfield><subfield code="c">Paed C 630: 45 f</subfield><subfield code="d">Standardleihe (01)</subfield><subfield code="e">Verfügbar (X)</subfield></datafield><datafield tag="980" ind1="0" ind2=" "><subfield code="a">00354550</subfield><subfield code="9">(PHFR)</subfield><subfield code="b">EG-Anbau (32)</subfield><subfield code="c">Paed  C 630: 45 g</subfield><subfield code="d">Standardleihe (01)</subfield><subfield code="e">Verfügbar (X)</subfield></datafield></record>