
<record><leader>02759nam a2200000uu 4500</leader><controlfield tag="001">02354752</controlfield><controlfield tag="003">DE-Frei129</controlfield><controlfield tag="005">20220811084029.0</controlfield><controlfield tag="007">tu</controlfield><controlfield tag="008">130219s2010    ||||||||||||||||||||ger||</controlfield><datafield tag="020" ind1=" " ind2=" "><subfield code="a">9783596140022</subfield><subfield code="9">978-3-596-14002-2</subfield></datafield><datafield tag="035" ind1=" " ind2=" "><subfield code="a">(DE-576)1601772041</subfield></datafield><datafield tag="041" ind1=" " ind2=" "><subfield code="a">ger</subfield></datafield><datafield tag="100" ind1="1" ind2=" "><subfield code="a">Woolf, Virginia</subfield><subfield code="0">(DE-Frei129)00060933</subfield><subfield code="0">(DE-588)118635174</subfield><subfield code="4">aut</subfield></datafield><datafield tag="245" ind1="1" ind2="0"><subfield code="a">Mrs. Dalloway</subfield><subfield code="b">Roman</subfield><subfield code="c">Virginia Woolf. Hrsg. und kommentiert von Klaus Reichert. Dt. von Walter Boehlich</subfield></datafield><datafield tag="246" ind1="1" ind2="3"><subfield code="a">Mistress Dalloway</subfield></datafield><datafield tag="250" ind1=" " ind2=" "><subfield code="a">14. Aufl.</subfield></datafield><datafield tag="260" ind1="3" ind2=" "><subfield code="a">Frankfurt am Main</subfield><subfield code="b">Fischer-Taschenbuch-Verl.</subfield><subfield code="c">2010</subfield></datafield><datafield tag="300" ind1=" " ind2=" "><subfield code="a">204  Seiten</subfield></datafield><datafield tag="490" ind1="1" ind2=" "><subfield code="a">Fischer-Taschenbücher</subfield></datafield><datafield tag="500" ind1=" " ind2=" "><subfield code="a">Auch als: Fischer ; 1982</subfield></datafield><datafield tag="700" ind1="1" ind2=" "><subfield code="0">(DE-588)115807381</subfield><subfield code="0">(DE-Frei129)00005924</subfield><subfield code="a">Boehlich, Walter</subfield><subfield code="4">Übers.</subfield></datafield><datafield tag="730" ind1="0" ind2="2"><subfield code="a">Mrs. Dalloway</subfield><subfield code="l">ger</subfield></datafield><datafield tag="830" ind1=" " ind2="0"><subfield code="a">Fischer</subfield><subfield code="w">(DE-Frei129)00057161</subfield></datafield><datafield tag="852" ind1=" " ind2=" "><subfield code="a">Frei 129</subfield><subfield code="b">PHFR</subfield><subfield code="c">HM 4813 M939 D1</subfield></datafield><datafield tag="980" ind1="0" ind2=" "><subfield code="a">00223280</subfield><subfield code="9">(PHFR)</subfield><subfield code="b">2.OG (35)</subfield><subfield code="c">HM 4813 M939 D1</subfield><subfield code="d">Standardleihe (01)</subfield><subfield code="e">Verfügbar (X)</subfield></datafield></record>