
<record><leader>04918nam a2200000uuc4500</leader><controlfield tag="001">02354573</controlfield><controlfield tag="003">DE-Frei129</controlfield><controlfield tag="005">20220811084029.0</controlfield><controlfield tag="007">tu</controlfield><controlfield tag="008">130204s2010    ||||||||||||||||||||ger||</controlfield><datafield tag="020" ind1=" " ind2=" "><subfield code="a">9783834434760</subfield><subfield code="9">9783834434760</subfield></datafield><datafield tag="024" ind1="3" ind2=" "><subfield code="a">9783834434760</subfield></datafield><datafield tag="035" ind1=" " ind2=" "><subfield code="a">(DE-576)1448340918</subfield></datafield><datafield tag="041" ind1=" " ind2=" "><subfield code="a">ger</subfield></datafield><datafield tag="044" ind1=" " ind2=" "><subfield code="c">XA-DE-NI</subfield></datafield><datafield tag="245" ind1="1" ind2="0"><subfield code="a">Kreative Projekte zum textilen Gestalten</subfield><subfield code="n">3/4</subfield><subfield code="p">3./4. Klasse / Hanna Fischer</subfield><subfield code="c">Hanna Fischer</subfield></datafield><datafield tag="246" ind1="1" ind2="0"><subfield code="a">dritte/vierte Klasse</subfield></datafield><datafield tag="250" ind1=" " ind2=" "><subfield code="a">2. Aufl.</subfield></datafield><datafield tag="260" ind1="3" ind2=" "><subfield code="a">Buxtehude</subfield><subfield code="b">Persen</subfield><subfield code="c">2010</subfield></datafield><datafield tag="300" ind1=" " ind2=" "><subfield code="a">83  Seiten</subfield><subfield code="b">zahlr. Ill.</subfield><subfield code="c">30 cm</subfield></datafield><datafield tag="490" ind1="0" ind2=" "><subfield code="a">Bergedorfer Unterrichtsideen</subfield></datafield><datafield tag="520" ind1=" " ind2=" "><subfield code="a">Wächst Baumwolle auf einem Baum? Was hat ein Schmetterling mit einem Seidentuch zu tun? Sind Knoten nur etwas für Seemänner? Mit den farbenfrohen und reich bebilderten Materialien sind die Kinder den Geheimnissen der Fasern auf der Spur. Forschend entdecken sie, woher tierische und pflanzliche Textilrohstoffe stammen, wie sie gewonnen und verarbeitet werden. Vier Projekte vermitteln handfestes Sachwissen und regen zum kreativen Gestalten an. Die Schüler/-innen lernen experimentierend und sinnlich erfahrbar verschiedene Rohstoffe kennen, die sie dann zu kleinen Werkstücken verarbeiten: Sie spinnen und weben, filzen und nähen, sie flechten, knoten und häkeln. Seide wird mit verschiedenen Techniken bunt bemalt und Baumwollstoff originell bedruckt. Alle Anleitungen sind so motivierend aufbereitet, dass auch Jungen Spaß am textilen Gestalten haben. Von der Faser zum Garn, vom Stoff zum textilen Produkt - das ist der Stoff, aus dem die kreativen Projekte zum textilen Gestalten gemacht sind. Hier darf man spinnen, forschen und gestalten!</subfield></datafield><datafield tag="650" ind1=" " ind2="7"><subfield code="a">Textiles Werken</subfield><subfield code="0">(DE-Frei129)00024052</subfield><subfield code="0">(DE-588)4078221-9</subfield><subfield code="2">gnd</subfield></datafield><datafield tag="650" ind1=" " ind2="7"><subfield code="a">Schuljahr 3-4</subfield><subfield code="0">(DE-Frei129)00075215</subfield><subfield code="0">(DE-588)4206495-8</subfield><subfield code="2">gnd</subfield></datafield><datafield tag="689" ind1="0" ind2="0"><subfield code="0">(DE-588)4078221-9</subfield><subfield code="D">s</subfield><subfield code="a">Textiles Werken </subfield></datafield><datafield tag="689" ind1="0" ind2="1"><subfield code="0">(DE-588)4206495-8</subfield><subfield code="D">s</subfield><subfield code="a">Schuljahr 3-4</subfield><subfield code="5">DE-101</subfield></datafield><datafield tag="700" ind1="1" ind2=" "><subfield code="0">(DE-Frei129)00160937</subfield><subfield code="a">Fischer, Hanna</subfield><subfield code="4">aut</subfield></datafield><datafield tag="773" ind1="0" ind2="8"><subfield code="w">(DE-Frei129)26047862</subfield><subfield code="q">3/4</subfield></datafield><datafield tag="852" ind1=" " ind2=" "><subfield code="a">Frei 129</subfield><subfield code="b">PHFR</subfield><subfield code="c">ZS 5700 T355 F5 (2)</subfield></datafield><datafield tag="856" ind1="4" ind2=" "><subfield code="8">00</subfield><subfield code="u">http://www.persen.de/media/ntx/persen/content/3476_Inhaltsverzeichnis.pdf</subfield><subfield code="y">Inhaltsverzeichnis</subfield></datafield><datafield tag="856" ind1="4" ind2=" "><subfield code="8">01</subfield><subfield code="u">http://www.persen.de/media/ntx/persen/sample/3476_Musterseite.pdf</subfield><subfield code="y">Auszug</subfield></datafield><datafield tag="980" ind1="0" ind2=" "><subfield code="a">00233041</subfield><subfield code="9">(PHFR)</subfield><subfield code="b">3.OG (37)</subfield><subfield code="c">ZS 5700 T355 F5 (2)</subfield><subfield code="d">Standardleihe (01)</subfield><subfield code="e">Verfügbar (X)</subfield></datafield></record>