
<record><leader>02390nam a2200000uuc4500</leader><controlfield tag="001">02354490</controlfield><controlfield tag="003">DE-Frei129</controlfield><controlfield tag="005">20220811084029.0</controlfield><controlfield tag="007">tu</controlfield><controlfield tag="008">130129s2010    ||||||||||||||||||||ger||</controlfield><datafield tag="020" ind1=" " ind2=" "><subfield code="a">9783060814756</subfield><subfield code="9">9783060814756</subfield></datafield><datafield tag="035" ind1=" " ind2=" "><subfield code="a">(DE-576)1448080770</subfield></datafield><datafield tag="041" ind1=" " ind2=" "><subfield code="a">ger</subfield></datafield><datafield tag="245" ind1="1" ind2="0"><subfield code="a">Super M</subfield><subfield code="b">Mathematik für alle</subfield><subfield code="n">1, Arbeitsblätter</subfield><subfield code="p">Einstiege : Differenzierungsmaterial zur individuellen Förderung</subfield><subfield code="c">Hrsg. von Ursula Manten; Gudrun Hütten; Klaus Heinze</subfield></datafield><datafield tag="250" ind1=" " ind2=" "><subfield code="a">1. Aufl., 3. Dr.</subfield></datafield><datafield tag="260" ind1="3" ind2=" "><subfield code="a">Berlin</subfield><subfield code="b">Cornelsen</subfield><subfield code="c">2010</subfield></datafield><datafield tag="300" ind1=" " ind2=" "><subfield code="a">63 Blatt</subfield><subfield code="b">zahlr. Ill.</subfield></datafield><datafield tag="773" ind1="0" ind2="8"><subfield code="w">(DE-Frei129)01039787</subfield><subfield code="q">11ARBEIN1142010</subfield></datafield><datafield tag="852" ind1=" " ind2=" "><subfield code="a">Frei129</subfield><subfield code="c">Math O 200: 84 D,1/1</subfield></datafield><datafield tag="856" ind1="4" ind2=" "><subfield code="8">00</subfield><subfield code="u">http://swbplus.bsz-bw.de/bsz378080776cov.htm</subfield><subfield code="y">Cover</subfield></datafield><datafield tag="856" ind1="4" ind2=" "><subfield code="8">01</subfield><subfield code="u">http://swbplus.bsz-bw.de/bsz378080776inh.htm</subfield><subfield code="y">Verlagsinformation</subfield></datafield><datafield tag="980" ind1="0" ind2=" "><subfield code="a">00233889</subfield><subfield code="9">(PHFR)</subfield><subfield code="b">UG (33)</subfield><subfield code="c">Math O 200: 84 D,1/1</subfield><subfield code="d">Präsenzbestand II (51)</subfield><subfield code="e">Verfügbar (X)</subfield></datafield></record>