
<record><leader>02221nam a2200000uu 4500</leader><controlfield tag="001">02354290</controlfield><controlfield tag="003">DE-Frei129</controlfield><controlfield tag="005">20220811084029.0</controlfield><controlfield tag="007">tu</controlfield><controlfield tag="008">130118s2010    ||||||||||||||||||||eng||</controlfield><datafield tag="020" ind1=" " ind2=" "><subfield code="a">9781551097732</subfield><subfield code="9">9781551097732</subfield></datafield><datafield tag="035" ind1=" " ind2=" "><subfield code="a">(DE-576)160117280X</subfield></datafield><datafield tag="041" ind1=" " ind2=" "><subfield code="a">eng</subfield></datafield><datafield tag="044" ind1=" " ind2=" "><subfield code="c">XD-CA</subfield></datafield><datafield tag="245" ind1="1" ind2="0"><subfield code="a">Six Mi&apos;kmaq stories</subfield><subfield code="c">retold by Ruth Holmes Whitehead; illustrated by Harold McGee</subfield></datafield><datafield tag="260" ind1="3" ind2=" "><subfield code="a">Halifax, N.S.</subfield><subfield code="b">Nimbus</subfield><subfield code="c">c2010</subfield></datafield><datafield tag="300" ind1=" " ind2=" "><subfield code="a">55 Seiten</subfield><subfield code="b">Ill.</subfield></datafield><datafield tag="490" ind1="0" ind2=" "><subfield code="a">Peeper</subfield></datafield><datafield tag="700" ind1="1" ind2=" "><subfield code="0">(DE-588)172546656</subfield><subfield code="0">(DE-Frei129)00797688</subfield><subfield code="a">Whitehead, Ruth Holmes</subfield><subfield code="4">aut</subfield></datafield><datafield tag="700" ind1="1" ind2=" "><subfield code="0">(DE-Frei129)00797739</subfield><subfield code="a">MacGee, Harold Franklin</subfield><subfield code="4">oth</subfield></datafield><datafield tag="852" ind1=" " ind2=" "><subfield code="a">Frei 129</subfield><subfield code="b">PHFR</subfield><subfield code="c">Fre O 580: 244</subfield></datafield><datafield tag="980" ind1="0" ind2=" "><subfield code="a">00280084</subfield><subfield code="9">(PHFR)</subfield><subfield code="b">Handbibliothek (50)</subfield><subfield code="c">Fre O 580: 244</subfield><subfield code="d">Handbibliothek - nie verleihbar (54)</subfield><subfield code="e">Verfügbar (X)</subfield></datafield></record>