
<record><leader>02033nam a2200000uuc4500</leader><controlfield tag="001">02354270</controlfield><controlfield tag="003">DE-Frei129</controlfield><controlfield tag="005">20220811084029.0</controlfield><controlfield tag="007">tu</controlfield><controlfield tag="008">130117s2010    ||||||||||||||||||||ger||</controlfield><datafield tag="020" ind1=" " ind2=" "><subfield code="a">9783619453634</subfield><subfield code="9">9783619453634</subfield></datafield><datafield tag="035" ind1=" " ind2=" "><subfield code="a">(DE-576)1447683498</subfield></datafield><datafield tag="041" ind1=" " ind2=" "><subfield code="a">ger</subfield></datafield><datafield tag="245" ind1="1" ind2="0"><subfield code="a">Mathetiger</subfield><subfield code="b">[der neue Mathematiklehrgang]</subfield><subfield code="n">4,Handbuch</subfield><subfield code="c">Autoren: Matthias Heidenreich; Martina Kinkel-Craciunescu; Thomas Laubis</subfield></datafield><datafield tag="250" ind1=" " ind2=" "><subfield code="a">2. Aufl.</subfield></datafield><datafield tag="260" ind1="3" ind2=" "><subfield code="a">Offenburg</subfield><subfield code="b">Mildenberger</subfield><subfield code="c">2010</subfield></datafield><datafield tag="300" ind1=" " ind2=" "><subfield code="a">[633] Seiten  in getr. Zählung</subfield><subfield code="b">Ill.</subfield><subfield code="c">32 cm</subfield></datafield><datafield tag="500" ind1=" " ind2=" "><subfield code="a">Enth.: Teil A. Teil B.</subfield></datafield><datafield tag="500" ind1=" " ind2=" "><subfield code="a">Archivierung/Langzeitarchivierung gewährleistet</subfield></datafield><datafield tag="773" ind1="0" ind2="8"><subfield code="w">(DE-Frei129)00994909</subfield><subfield code="q">14HANDA/B</subfield></datafield><datafield tag="980" ind1="0" ind2=" "><subfield code="a">00280090</subfield><subfield code="9">(PHFR)</subfield><subfield code="b">Handbibliothek (50)</subfield><subfield code="d">Handbibliothek - nie verleihbar (54)</subfield><subfield code="e">Verfügbar (X)</subfield></datafield></record>