
<record><leader>03272nam a2200000uu 4500</leader><controlfield tag="001">02354198</controlfield><controlfield tag="003">DE-Frei129</controlfield><controlfield tag="005">20220811084029.0</controlfield><controlfield tag="007">tu</controlfield><controlfield tag="008">130115s2010    ||||||||||||||||||||ger||</controlfield><datafield tag="020" ind1=" " ind2=" "><subfield code="a">9783836952231</subfield><subfield code="9">978-3-8369-5223-1</subfield><subfield code="c">EUR 19,90</subfield></datafield><datafield tag="035" ind1=" " ind2=" "><subfield code="a">(DE-576)1601100388</subfield></datafield><datafield tag="041" ind1=" " ind2=" "><subfield code="a">ger</subfield><subfield code="h">eng</subfield></datafield><datafield tag="044" ind1=" " ind2=" "><subfield code="c">XA-DE-NI</subfield></datafield><datafield tag="245" ind1="1" ind2="4"><subfield code="a">Die kleine Raupe Nimmersatt</subfield><subfield code="b">Pop-up-Buch</subfield><subfield code="c">Eric Carle. [Dt. Textfassung von Viktor Christen]</subfield></datafield><datafield tag="246" ind1="1" ind2="3"><subfield code="a">The very hungry caterpillar</subfield></datafield><datafield tag="260" ind1="3" ind2=" "><subfield code="a">Hildesheim</subfield><subfield code="b">Gerstenberg</subfield><subfield code="c">2010</subfield></datafield><datafield tag="300" ind1=" " ind2=" "><subfield code="a">[14]  Seiten</subfield><subfield code="b">überw. Ill.</subfield><subfield code="c">22 x 30 cm</subfield></datafield><datafield tag="500" ind1=" " ind2=" "><subfield code="a">IMD-Felder und 1131 maschinell ergänzt</subfield></datafield><datafield tag="650" ind1=" " ind2="7"><subfield code="a">Raupe</subfield><subfield code="0">(DE-Frei129)00021460</subfield><subfield code="0">(DE-588)4052835-2</subfield><subfield code="2">gnd</subfield></datafield><datafield tag="655" ind1=" " ind2="7"><subfield code="a">Bilderbuch</subfield><subfield code="0">(DE-Frei129)00000373</subfield><subfield code="2">local</subfield></datafield><datafield tag="689" ind1="0" ind2="0"><subfield code="0">(DE-588)4052835-2</subfield><subfield code="D">s</subfield><subfield code="a">Raupe </subfield></datafield><datafield tag="689" ind1="0" ind2="1"><subfield code="A">s</subfield><subfield code="a">Bilderbuch</subfield><subfield code="5">DE-101</subfield></datafield><datafield tag="700" ind1="1" ind2=" "><subfield code="0">(DE-588)118853295</subfield><subfield code="0">(DE-Frei129)00074213</subfield><subfield code="a">Carle, Eric</subfield><subfield code="4">aut</subfield></datafield><datafield tag="700" ind1="1" ind2=" "><subfield code="0">(DE-588)107146568</subfield><subfield code="0">(DE-Frei129)01017805</subfield><subfield code="a">Christen, Viktor</subfield><subfield code="4">oth</subfield></datafield><datafield tag="852" ind1=" " ind2=" "><subfield code="a">Frei 129</subfield><subfield code="b">PHFR</subfield><subfield code="c">ED 5540 C278 K6</subfield></datafield><datafield tag="980" ind1="0" ind2=" "><subfield code="a">00332545</subfield><subfield code="9">(PHFR)</subfield><subfield code="b">Handbibliothek (50)</subfield><subfield code="c">JuLi D Car 1: 6</subfield><subfield code="d">Handbibliothek - nie verleihbar (54)</subfield><subfield code="e">Verfügbar (X)</subfield></datafield></record>