
<record><leader>03647nam a2200000uu 4500</leader><controlfield tag="001">02354035</controlfield><controlfield tag="003">DE-Frei129</controlfield><controlfield tag="005">20220811084029.0</controlfield><controlfield tag="007">tu</controlfield><controlfield tag="008">121220s2010    ||||||||||||||||||||eng||</controlfield><datafield tag="020" ind1=" " ind2=" "><subfield code="a">9780316098823</subfield><subfield code="9">978-0-316-09882-3</subfield><subfield code="c">(pbk.)</subfield></datafield><datafield tag="020" ind1=" " ind2=" "><subfield code="a">0316098825</subfield><subfield code="9">0-316-09882-5</subfield><subfield code="c">(pbk.)</subfield></datafield><datafield tag="035" ind1=" " ind2=" "><subfield code="a">(DE-576)1620220652</subfield></datafield><datafield tag="041" ind1=" " ind2=" "><subfield code="a">eng</subfield></datafield><datafield tag="245" ind1="1" ind2="4"><subfield code="a">The adventures of Unemployed Man</subfield><subfield code="c">[by Erich Origen &amp; Gan Golan]</subfield></datafield><datafield tag="260" ind1="3" ind2=" "><subfield code="a">New York [u.a.]</subfield><subfield code="b">Little, Brown</subfield><subfield code="c">2010</subfield></datafield><datafield tag="300" ind1=" " ind2=" "><subfield code="a">1. ed.</subfield><subfield code="b">überw. Ill.</subfield><subfield code="c">26 cm</subfield></datafield><datafield tag="500" ind1=" " ind2=" "><subfield code="a">Formerly CIP Uk</subfield></datafield><datafield tag="650" ind1=" " ind2="7"><subfield code="a">Unemployed--Comic books, strips, etc</subfield><subfield code="0">(DE-Frei129)00756618</subfield><subfield code="2">local</subfield></datafield><datafield tag="650" ind1=" " ind2="7"><subfield code="a">Fiction</subfield><subfield code="0">(DE-Frei129)00238008</subfield><subfield code="2">local</subfield></datafield><datafield tag="650" ind1=" " ind2="7"><subfield code="a">Humorous stories</subfield><subfield code="0">(DE-Frei129)00442015</subfield><subfield code="2">local</subfield></datafield><datafield tag="650" ind1=" " ind2="7"><subfield code="a">Graphic novels</subfield><subfield code="0">(DE-Frei129)00347037</subfield><subfield code="2">local</subfield></datafield><datafield tag="689" ind1="0" ind2="0"><subfield code="A">s</subfield><subfield code="a">Unemployed--Comic books, strips, etc </subfield></datafield><datafield tag="689" ind1="0" ind2="1"><subfield code="A">s</subfield><subfield code="a">Fiction</subfield><subfield code="5">DE-101</subfield></datafield><datafield tag="689" ind1="1" ind2="0"><subfield code="A">s</subfield><subfield code="a">Humorous stories</subfield><subfield code="5">DE-101</subfield></datafield><datafield tag="689" ind1="2" ind2="0"><subfield code="A">s</subfield><subfield code="a">Graphic novels</subfield><subfield code="5">DE-101</subfield></datafield><datafield tag="700" ind1="1" ind2=" "><subfield code="0">(DE-Frei129)00810236</subfield><subfield code="a">Origen, Erich</subfield><subfield code="4">aut</subfield></datafield><datafield tag="700" ind1="1" ind2=" "><subfield code="0">(DE-Frei129)00810237</subfield><subfield code="a">Golan, Gan</subfield><subfield code="4">aut</subfield></datafield><datafield tag="852" ind1=" " ind2=" "><subfield code="a">Frei 129</subfield><subfield code="b">PHFR</subfield><subfield code="c">ED 4120 O69</subfield></datafield><datafield tag="980" ind1="0" ind2=" "><subfield code="a">00233926</subfield><subfield code="9">(PHFR)</subfield><subfield code="b">2.OG (35)</subfield><subfield code="c">ED 4120 O69</subfield><subfield code="d">Standardleihe (01)</subfield><subfield code="e">Verfügbar (X)</subfield></datafield></record>