
<record><leader>04612nam a2200000uu 4500</leader><controlfield tag="001">02353778</controlfield><controlfield tag="003">DE-Frei129</controlfield><controlfield tag="005">20220811084029.0</controlfield><controlfield tag="007">tu</controlfield><controlfield tag="008">121130s2010    |||||||||||||||||||||||||</controlfield><datafield tag="020" ind1=" " ind2=" "><subfield code="a">9781603090469</subfield><subfield code="9">978-1-603-09046-9</subfield><subfield code="c">(cased) £37.99</subfield></datafield><datafield tag="020" ind1=" " ind2=" "><subfield code="a">1603090460</subfield><subfield code="9">1-603-09046-0</subfield><subfield code="c">(cased) £37.99</subfield></datafield><datafield tag="020" ind1=" " ind2=" "><subfield code="a">9781603090384</subfield><subfield code="9">978-1-603-09038-4</subfield><subfield code="c">(pbk.) £22.50</subfield></datafield><datafield tag="020" ind1=" " ind2=" "><subfield code="a">160309038X</subfield><subfield code="9">1-603-09038-X</subfield><subfield code="c">(pbk.) £22.50</subfield></datafield><datafield tag="035" ind1=" " ind2=" "><subfield code="a">(DE-576)1619957574</subfield></datafield><datafield tag="245" ind1="1" ind2="0"><subfield code="a">Essex County</subfield><subfield code="c">Jeff Lemire</subfield></datafield><datafield tag="246" ind1="1" ind2="0"><subfield code="a">Complete Essex County Title on t.p. verso:</subfield></datafield><datafield tag="246" ind1="1" ind2="0"><subfield code="a">Collected Essex County</subfield></datafield><datafield tag="260" ind1="3" ind2=" "><subfield code="a">Atlanta</subfield><subfield code="b">Top Shelf Prod.</subfield><subfield code="c">2010</subfield></datafield><datafield tag="300" ind1=" " ind2=" "><subfield code="a">510  Seiten</subfield><subfield code="b">überw. Ill.</subfield><subfield code="c">24 cm</subfield></datafield><datafield tag="500" ind1=" " ind2=" "><subfield code="a">Formerly CIP Uk. - Tales from the farm -- Ghost stories -- The country nurse -- The Essex County Boxing Club -- The sad and lonely life of Eddie Elephant-Ears</subfield></datafield><datafield tag="650" ind1=" " ind2="7"><subfield code="a">Orphans</subfield><subfield code="0">(DE-Frei129)00247309</subfield><subfield code="2">local</subfield></datafield><datafield tag="650" ind1=" " ind2="7"><subfield code="a">Comic books, strips, etc</subfield><subfield code="0">(DE-Frei129)00249260</subfield><subfield code="2">local</subfield></datafield><datafield tag="650" ind1=" " ind2="7"><subfield code="a">Ontario</subfield><subfield code="0">(DE-Frei129)00250613</subfield><subfield code="2">local</subfield></datafield><datafield tag="650" ind1=" " ind2="7"><subfield code="a">Graphic novels</subfield><subfield code="0">(DE-Frei129)00347037</subfield><subfield code="2">local</subfield></datafield><datafield tag="650" ind1=" " ind2="7"><subfield code="a">Young adult fiction, American</subfield><subfield code="0">(DE-Frei129)00402306</subfield><subfield code="2">local</subfield></datafield><datafield tag="689" ind1="0" ind2="0"><subfield code="A">s</subfield><subfield code="a">Orphans </subfield></datafield><datafield tag="689" ind1="0" ind2="1"><subfield code="A">s</subfield><subfield code="a">Comic books, strips, etc</subfield><subfield code="5">DE-101</subfield></datafield><datafield tag="689" ind1="1" ind2="0"><subfield code="A">s</subfield><subfield code="a">Ontario </subfield></datafield><datafield tag="689" ind1="1" ind2="1"><subfield code="A">s</subfield><subfield code="a">Comic books, strips, etc</subfield><subfield code="5">DE-101</subfield></datafield><datafield tag="689" ind1="2" ind2="0"><subfield code="A">s</subfield><subfield code="a">Graphic novels</subfield><subfield code="5">DE-101</subfield></datafield><datafield tag="689" ind1="3" ind2="0"><subfield code="A">s</subfield><subfield code="a">Young adult fiction, American</subfield><subfield code="5">DE-101</subfield></datafield><datafield tag="700" ind1="1" ind2=" "><subfield code="0">(DE-588)1029908389</subfield><subfield code="0">(DE-Frei129)00812854</subfield><subfield code="a">Lemire, Jeff</subfield><subfield code="4">aut</subfield></datafield><datafield tag="852" ind1=" " ind2=" "><subfield code="a">Frei 129</subfield><subfield code="b">PHFR</subfield><subfield code="c">HQ 5999 L554</subfield></datafield><datafield tag="980" ind1="0" ind2=" "><subfield code="a">00222126</subfield><subfield code="9">(PHFR)</subfield><subfield code="b">2.OG (35)</subfield><subfield code="c">HQ 5999 L554</subfield><subfield code="d">Standardleihe (01)</subfield><subfield code="e">Verfügbar (X)</subfield></datafield></record>