
<record><leader>02078nam a2200000uu 4500</leader><controlfield tag="001">02353680</controlfield><controlfield tag="003">DE-Frei129</controlfield><controlfield tag="005">20220811084029.0</controlfield><controlfield tag="007">tu</controlfield><controlfield tag="008">121126s2010    ||||||||||||||||||||eng||</controlfield><datafield tag="020" ind1=" " ind2=" "><subfield code="a">9780241950463</subfield><subfield code="9">978-0-241-95046-3</subfield><subfield code="c">(pbk.)</subfield></datafield><datafield tag="035" ind1=" " ind2=" "><subfield code="a">(DE-576)1619882019</subfield></datafield><datafield tag="041" ind1=" " ind2=" "><subfield code="a">eng</subfield></datafield><datafield tag="245" ind1="1" ind2="0"><subfield code="a">Raise high the roof beam, carpenters</subfield><subfield code="b">and, Seymour-an introduction</subfield><subfield code="c">J.D. Salinger</subfield></datafield><datafield tag="260" ind1="3" ind2=" "><subfield code="a">London</subfield><subfield code="b">Penguin Books</subfield><subfield code="c">2010</subfield></datafield><datafield tag="300" ind1=" " ind2=" "><subfield code="a">134  Seiten</subfield><subfield code="c">20 cm</subfield></datafield><datafield tag="500" ind1=" " ind2=" "><subfield code="a">Novellas. - &quot;First published together in book form in the USA by Little, Brown 1963&quot;--T.p. verso</subfield></datafield><datafield tag="700" ind1="1" ind2=" "><subfield code="0">(DE-588)118605054</subfield><subfield code="0">(DE-Frei129)00047213</subfield><subfield code="a">Salinger, Jerome D.</subfield><subfield code="4">aut</subfield></datafield><datafield tag="852" ind1=" " ind2=" "><subfield code="a">Frei 129</subfield><subfield code="b">PHFR</subfield><subfield code="c">HU 7803 R159</subfield></datafield><datafield tag="980" ind1="0" ind2=" "><subfield code="a">00233530</subfield><subfield code="9">(PHFR)</subfield><subfield code="b">2.OG (35)</subfield><subfield code="c">HU 7803 R159</subfield><subfield code="d">Standardleihe (01)</subfield><subfield code="e">Verfügbar (X)</subfield></datafield></record>