
<record><leader>05593nam a2200000uu 4500</leader><controlfield tag="001">02353521</controlfield><controlfield tag="003">DE-Frei129</controlfield><controlfield tag="005">20220811084029.0</controlfield><controlfield tag="007">tu</controlfield><controlfield tag="008">120611s2010    ||||||||||||||||||||ger||</controlfield><datafield tag="020" ind1=" " ind2=" "><subfield code="a">9783936577372</subfield><subfield code="9">9783936577372</subfield></datafield><datafield tag="024" ind1="3" ind2=" "><subfield code="a">9783936577372</subfield></datafield><datafield tag="035" ind1=" " ind2=" "><subfield code="a">(DE-576)717381854</subfield></datafield><datafield tag="041" ind1=" " ind2=" "><subfield code="a">ger</subfield></datafield><datafield tag="044" ind1=" " ind2=" "><subfield code="c">XA-DE</subfield></datafield><datafield tag="100" ind1="1" ind2=" "><subfield code="a">Roling, Simone</subfield><subfield code="0">(DE-Frei129)00145899</subfield></datafield><datafield tag="245" ind1="1" ind2="0"><subfield code="a">Islam - etwas Fremdes?</subfield><subfield code="c">Simone Roling</subfield></datafield><datafield tag="250" ind1=" " ind2=" "><subfield code="a">3. Aufl.</subfield></datafield><datafield tag="260" ind1="3" ind2=" "><subfield code="a">Kempen</subfield><subfield code="b">Buch-Verl. Kempen</subfield><subfield code="c">2010</subfield></datafield><datafield tag="300" ind1=" " ind2=" "><subfield code="a">60 Seiten</subfield><subfield code="b">zahlr. Ill.</subfield><subfield code="c">30 cm</subfield></datafield><datafield tag="500" ind1=" " ind2=" "><subfield code="a">IMD-Felder maschinell generiert (GBV)</subfield></datafield><datafield tag="520" ind1=" " ind2=" "><subfield code="a">Die zahlreichen Kopiervorlagen ermöglichen es Gemeinsamkeiten mit dem Christentum zu erkennen und Unterschiede verstehen zu lernen. Es wird mit der Türkei und Ihrer Kultur das islamische Land vorgestellt, aus dem die meisten der in Deutschland lebenden Ausländer stammen</subfield></datafield><datafield tag="650" ind1=" " ind2="7"><subfield code="a">Islam</subfield><subfield code="0">(DE-Frei129)00012330</subfield><subfield code="0">(DE-588)4027743-4</subfield><subfield code="2">gnd</subfield></datafield><datafield tag="650" ind1=" " ind2="7"><subfield code="a">Grundschulunterricht</subfield><subfield code="0">(DE-Frei129)00010262</subfield><subfield code="0">(DE-588)4022354-1</subfield><subfield code="2">gnd</subfield></datafield><datafield tag="650" ind1=" " ind2="7"><subfield code="a">Religionsunterricht</subfield><subfield code="0">(DE-Frei129)00013894</subfield><subfield code="0">(DE-588)4049422-6</subfield><subfield code="2">gnd</subfield></datafield><datafield tag="650" ind1=" " ind2="7"><subfield code="a">Grundschule</subfield><subfield code="0">(DE-Frei129)00010240</subfield><subfield code="0">(DE-588)4022349-8</subfield><subfield code="2">gnd</subfield></datafield><datafield tag="651" ind1=" " ind2="7"><subfield code="a">Türkei</subfield><subfield code="0">(DE-Frei129)00024541</subfield><subfield code="0">(DE-588)4061163-2</subfield><subfield code="2">gnd</subfield></datafield><datafield tag="651" ind1=" " ind2="7"><subfield code="a">Deutschland</subfield><subfield code="0">(DE-Frei129)00005806</subfield><subfield code="0">(DE-588)4011882-4</subfield><subfield code="2">gnd</subfield></datafield><datafield tag="689" ind1="0" ind2="0"><subfield code="0">(DE-588)4061163-2</subfield><subfield code="D">g</subfield><subfield code="a">Türkei </subfield></datafield><datafield tag="689" ind1="0" ind2="1"><subfield code="0">(DE-588)4027743-4</subfield><subfield code="D">s</subfield><subfield code="a">Islam </subfield></datafield><datafield tag="689" ind1="0" ind2="2"><subfield code="0">(DE-588)4022354-1</subfield><subfield code="D">s</subfield><subfield code="a">Grundschulunterricht</subfield><subfield code="5">DE-101</subfield></datafield><datafield tag="689" ind1="1" ind2="0"><subfield code="0">(DE-588)4022354-1</subfield><subfield code="D">s</subfield><subfield code="a">Grundschulunterricht</subfield><subfield code="5">DE-101</subfield></datafield><datafield tag="689" ind1="2" ind2="0"><subfield code="0">(DE-588)4049422-6</subfield><subfield code="D">s</subfield><subfield code="a">Religionsunterricht </subfield></datafield><datafield tag="689" ind1="2" ind2="1"><subfield code="0">(DE-588)4022349-8</subfield><subfield code="D">s</subfield><subfield code="a">Grundschule </subfield></datafield><datafield tag="689" ind1="2" ind2="2"><subfield code="0">(DE-588)4011882-4</subfield><subfield code="D">g</subfield><subfield code="a">Deutschland</subfield><subfield code="5">DE-101</subfield></datafield><datafield tag="700" ind1="1" ind2=" "><subfield code="0">(DE-588)128774967</subfield><subfield code="0">(DE-Frei129)00581957</subfield><subfield code="a">Hundrup, Simone</subfield><subfield code="4">oth</subfield></datafield><datafield tag="852" ind1=" " ind2=" "><subfield code="a">Frei 129</subfield><subfield code="b">PHFR</subfield><subfield code="c">BU 2510 I82 (3)</subfield></datafield><datafield tag="856" ind1="4" ind2=" "><subfield code="8">00</subfield><subfield code="u">http://www.gbv.de/dms/gei/717381854.pdf</subfield><subfield code="y">Inhaltsverzeichnis</subfield></datafield><datafield tag="980" ind1="0" ind2=" "><subfield code="a">00332609</subfield><subfield code="9">(PHFR)</subfield><subfield code="b">Handbibliothek (50)</subfield><subfield code="c">Theo W 200: 45</subfield><subfield code="d">Handbibliothek - nie verleihbar (54)</subfield><subfield code="e">Verfügbar (X)</subfield></datafield></record>