
<record><leader>03880nam a2200000uu 4500</leader><controlfield tag="001">02353245</controlfield><controlfield tag="003">DE-Frei129</controlfield><controlfield tag="005">20220811084029.0</controlfield><controlfield tag="007">tu</controlfield><controlfield tag="008">121114s2010    ||||||||||||||||||||ger||</controlfield><datafield tag="015" ind1=" " ind2=" "><subfield code="a">10,A33</subfield></datafield><datafield tag="016" ind1="7" ind2=" "><subfield code="a">1002674549</subfield><subfield code="2">DE-101</subfield></datafield><datafield tag="020" ind1=" " ind2=" "><subfield code="a">9783800055807</subfield><subfield code="9">978-3-8000-5580-7</subfield><subfield code="c">Hgewebe : EUR 8.95, sfr 16.50 (freier Pr.)</subfield></datafield><datafield tag="024" ind1="3" ind2=" "><subfield code="a">9783800055807</subfield></datafield><datafield tag="035" ind1=" " ind2=" "><subfield code="a">(DE-576)1619720787</subfield></datafield><datafield tag="041" ind1=" " ind2=" "><subfield code="a">ger</subfield><subfield code="h">eng</subfield></datafield><datafield tag="044" ind1=" " ind2=" "><subfield code="c">XA-AT</subfield></datafield><datafield tag="100" ind1="1" ind2=" "><subfield code="a">Dickens, Charles</subfield><subfield code="0">(DE-Frei129)00011641</subfield><subfield code="0">(DE-588)118525239</subfield><subfield code="4">aut</subfield></datafield><datafield tag="245" ind1="1" ind2="4"><subfield code="a">Ein Weihnachtsmärchen</subfield><subfield code="c">Charles Dickens</subfield></datafield><datafield tag="260" ind1="3" ind2=" "><subfield code="a">Wien</subfield><subfield code="b">Ueberreuter</subfield><subfield code="c">2010</subfield></datafield><datafield tag="300" ind1=" " ind2=" "><subfield code="a">127  Seiten</subfield><subfield code="c">20 cm</subfield></datafield><datafield tag="490" ind1="0" ind2=" "><subfield code="a">Ueberreuter Klassiker</subfield></datafield><datafield tag="650" ind1=" " ind2="7"><subfield code="a">Weihnachten</subfield><subfield code="0">(DE-Frei129)00026019</subfield><subfield code="0">(DE-588)4065075-3</subfield><subfield code="2">gnd</subfield></datafield><datafield tag="650" ind1=" " ind2="7"><subfield code="a">Nächstenliebe</subfield><subfield code="0">(DE-Frei129)00004495</subfield><subfield code="0">(DE-588)4041110-2</subfield><subfield code="2">gnd</subfield></datafield><datafield tag="655" ind1=" " ind2="7"><subfield code="a">Kinderbuch</subfield><subfield code="0">(DE-Frei129)00000374</subfield><subfield code="2">local</subfield></datafield><datafield tag="689" ind1="0" ind2="0"><subfield code="0">(DE-588)4065075-3</subfield><subfield code="D">s</subfield><subfield code="a">Weihnachten </subfield></datafield><datafield tag="689" ind1="0" ind2="1"><subfield code="0">(DE-588)4041110-2</subfield><subfield code="D">s</subfield><subfield code="a">Nächstenliebe </subfield></datafield><datafield tag="689" ind1="0" ind2="2"><subfield code="A">s</subfield><subfield code="a">Kinderbuch</subfield><subfield code="5">DE-101</subfield></datafield><datafield tag="730" ind1="0" ind2="2"><subfield code="a">A Christmas carol</subfield><subfield code="l">ger</subfield></datafield><datafield tag="852" ind1=" " ind2=" "><subfield code="a">Frei 129</subfield><subfield code="b">PHFR</subfield><subfield code="c">HL 2584 W419</subfield></datafield><datafield tag="856" ind1="4" ind2=" "><subfield code="8">00</subfield><subfield code="u">http://deposit.d-nb.de/cgi-bin/dokserv?id=3480527&amp;prov=M&amp;dok_var=1&amp;dok_ext=htm</subfield><subfield code="y">Inhaltstext</subfield></datafield><datafield tag="980" ind1="0" ind2=" "><subfield code="a">00222068</subfield><subfield code="9">(PHFR)</subfield><subfield code="b">2.OG (35)</subfield><subfield code="c">HL 2584 W419</subfield><subfield code="d">Standardleihe (01)</subfield><subfield code="e">Verfügbar (X)</subfield></datafield></record>