
<record><leader>03751nam a2200000uu 4500</leader><controlfield tag="001">02353023</controlfield><controlfield tag="003">DE-Frei129</controlfield><controlfield tag="005">20220811084029.0</controlfield><controlfield tag="007">tu</controlfield><controlfield tag="008">121106s2010    |||||||||||||||||||||||||</controlfield><datafield tag="020" ind1=" " ind2=" "><subfield code="a">9780335234479</subfield><subfield code="9">9780335234479</subfield><subfield code="c">(cased)</subfield></datafield><datafield tag="020" ind1=" " ind2=" "><subfield code="a">033523447X</subfield><subfield code="9">033523447X</subfield><subfield code="c">(cased)</subfield></datafield><datafield tag="020" ind1=" " ind2=" "><subfield code="a">9780335234486</subfield><subfield code="9">9780335234486</subfield><subfield code="c">(pbk.) £21.99</subfield></datafield><datafield tag="020" ind1=" " ind2=" "><subfield code="a">0335234488</subfield><subfield code="9">0335234488</subfield><subfield code="c">(pbk.) £21.99</subfield></datafield><datafield tag="035" ind1=" " ind2=" "><subfield code="a">(DE-576)1619542307</subfield></datafield><datafield tag="100" ind1="1" ind2=" "><subfield code="a">Lambert, David</subfield><subfield code="0">(DE-Frei129)00466630</subfield><subfield code="4">aut</subfield></datafield><datafield tag="245" ind1="1" ind2="0"><subfield code="a">Teaching geography 11-18</subfield><subfield code="b">a conceptual approach</subfield><subfield code="c">David Lambert and John Morgan</subfield></datafield><datafield tag="250" ind1=" " ind2=" "><subfield code="a">1. publ.</subfield></datafield><datafield tag="260" ind1="3" ind2=" "><subfield code="a">Maidenhead</subfield><subfield code="b">McGraw Hill/Open University Press</subfield><subfield code="c">c2010</subfield></datafield><datafield tag="300" ind1=" " ind2=" "><subfield code="a">xii, 180 p.</subfield><subfield code="b">ill.</subfield><subfield code="c">24 cm</subfield></datafield><datafield tag="500" ind1=" " ind2=" "><subfield code="a">Formerly CIP Uk. - Includes bibliographical references and index</subfield></datafield><datafield tag="650" ind1=" " ind2="7"><subfield code="a">Geography</subfield><subfield code="0">(DE-Frei129)00239845</subfield><subfield code="2">local</subfield></datafield><datafield tag="650" ind1=" " ind2="7"><subfield code="a">Study and teaching (Secondary)</subfield><subfield code="0">(DE-Frei129)00242376</subfield><subfield code="2">local</subfield></datafield><datafield tag="650" ind1=" " ind2="7"><subfield code="a">Great Britain</subfield><subfield code="0">(DE-Frei129)00236015</subfield><subfield code="2">local</subfield></datafield><datafield tag="689" ind1="0" ind2="0"><subfield code="A">s</subfield><subfield code="a">Geography </subfield></datafield><datafield tag="689" ind1="0" ind2="1"><subfield code="A">s</subfield><subfield code="a">Study and teaching (Secondary) </subfield></datafield><datafield tag="689" ind1="0" ind2="2"><subfield code="A">s</subfield><subfield code="a">Great Britain</subfield><subfield code="5">DE-101</subfield></datafield><datafield tag="700" ind1="1" ind2=" "><subfield code="0">(DE-Frei129)00038302</subfield><subfield code="a">Morgan, John</subfield><subfield code="4">oth</subfield></datafield><datafield tag="852" ind1=" " ind2=" "><subfield code="a">Frei 129</subfield><subfield code="b">PHFR</subfield><subfield code="c">RB 10874 L222 M8</subfield></datafield><datafield tag="980" ind1="0" ind2=" "><subfield code="a">00332631</subfield><subfield code="9">(PHFR)</subfield><subfield code="b">Handbibliothek (50)</subfield><subfield code="c">Geo N 440: 21</subfield><subfield code="d">Handbibliothek - nie verleihbar (54)</subfield><subfield code="e">Verfügbar (X)</subfield></datafield></record>