
<record><leader>03236nam a2200000uu 4500</leader><controlfield tag="001">02352586</controlfield><controlfield tag="003">DE-Frei129</controlfield><controlfield tag="005">20220811084029.0</controlfield><controlfield tag="007">tu</controlfield><controlfield tag="008">121018s2010    ||||||||||||||||||||ger||</controlfield><datafield tag="016" ind1="7" ind2=" "><subfield code="a">573763712</subfield><subfield code="2">DE-101</subfield></datafield><datafield tag="020" ind1=" " ind2=" "><subfield code="a">9783060814732</subfield><subfield code="9">978-3-06-081473-2</subfield><subfield code="c">Pb. : ca. sfr 11.80 (freier Pr.), ca. EUR 6.25</subfield></datafield><datafield tag="035" ind1=" " ind2=" "><subfield code="a">(DE-576)1619266733</subfield></datafield><datafield tag="041" ind1=" " ind2=" "><subfield code="a">ger</subfield></datafield><datafield tag="044" ind1=" " ind2=" "><subfield code="c">XA-DE-BE</subfield></datafield><datafield tag="100" ind1="1" ind2=" "><subfield code="a">Manten, Ursula</subfield><subfield code="0">(DE-Frei129)00374604</subfield></datafield><datafield tag="245" ind1="1" ind2="0"><subfield code="a">Das kleine Super M</subfield><subfield code="b">mathematische Grunderfahrungen</subfield><subfield code="c">hrsg. von  Ursula Manten ... Erarb. von Erwin Hajek</subfield></datafield><datafield tag="250" ind1=" " ind2=" "><subfield code="a">1. Aufl., 2. Dr.</subfield></datafield><datafield tag="260" ind1="3" ind2=" "><subfield code="a">Berlin</subfield><subfield code="b">Cornelsen</subfield><subfield code="c">2010</subfield></datafield><datafield tag="300" ind1=" " ind2=" "><subfield code="a">64  Seiten</subfield><subfield code="b">überw. Ill.</subfield><subfield code="c">295 mm x 210 mm</subfield><subfield code="e">3 Beil.</subfield></datafield><datafield tag="490" ind1="0" ind2=" "><subfield code="a">Super M - zu allen Ausgaben</subfield></datafield><datafield tag="500" ind1=" " ind2=" "><subfield code="a">Erscheinungsjahr in Vorlageform:2009</subfield></datafield><datafield tag="700" ind1="1" ind2=" "><subfield code="0">(DE-588)173951279</subfield><subfield code="0">(DE-Frei129)00784508</subfield><subfield code="a">Hajek, Erwin</subfield><subfield code="4">oth</subfield></datafield><datafield tag="856" ind1="4" ind2=" "><subfield code="8">00</subfield><subfield code="u">http://deposit.d-nb.de/cgi-bin/dokserv?id=3141018&amp;prov=M&amp;dok_var=1&amp;dok_ext=htm</subfield><subfield code="y">Link zu weiteren Informationen</subfield></datafield><datafield tag="856" ind1="4" ind2=" "><subfield code="8">01</subfield><subfield code="u">http://swbplus.bsz-bw.de/bsz372379427inh.htm</subfield><subfield code="y">Inhaltsverzeichnis</subfield></datafield><datafield tag="856" ind1="4" ind2=" "><subfield code="8">02</subfield><subfield code="u">http://swbplus.bsz-bw.de/bsz372379427cov.htm</subfield><subfield code="y">Cover</subfield></datafield><datafield tag="980" ind1="0" ind2=" "><subfield code="a">00280502</subfield><subfield code="9">(PHFR)</subfield><subfield code="b">Handbibliothek (50)</subfield><subfield code="c">HB Mathematik</subfield><subfield code="d">Handbibliothek - nie verleihbar (54)</subfield><subfield code="e">Verfügbar (X)</subfield></datafield></record>