
<record><leader>02694nam a2200000uu 4500</leader><controlfield tag="001">02352438</controlfield><controlfield tag="003">DE-Frei129</controlfield><controlfield tag="005">20220811084029.0</controlfield><controlfield tag="007">tu</controlfield><controlfield tag="008">121012s2010    |||||||||||||||||||||||||</controlfield><datafield tag="020" ind1=" " ind2=" "><subfield code="a">9780571219698</subfield><subfield code="9">978-0-571-21969-8</subfield><subfield code="c">(pbk.) £9.99</subfield></datafield><datafield tag="020" ind1=" " ind2=" "><subfield code="a">0571219691</subfield><subfield code="9">0-571-21969-1</subfield><subfield code="c">(pbk.) £9.99</subfield></datafield><datafield tag="035" ind1=" " ind2=" "><subfield code="a">(DE-576)1619154110</subfield></datafield><datafield tag="245" ind1="1" ind2="0"><subfield code="a">New and collected poems for children</subfield><subfield code="b">poet laureate</subfield><subfield code="c">Carol Ann Duffy; illustrated by Alice Stevenson</subfield></datafield><datafield tag="260" ind1="3" ind2=" "><subfield code="a">London</subfield><subfield code="b">Faber</subfield><subfield code="c">2010</subfield></datafield><datafield tag="300" ind1=" " ind2=" "><subfield code="a">270  Seiten</subfield><subfield code="b">Ill.</subfield><subfield code="c">24 cm</subfield></datafield><datafield tag="500" ind1=" " ind2=" "><subfield code="a">Originally published: 2009</subfield></datafield><datafield tag="650" ind1=" " ind2="7"><subfield code="a">Children&apos;s poetry, English</subfield><subfield code="0">(DE-Frei129)00414436</subfield><subfield code="2">local</subfield></datafield><datafield tag="689" ind1="0" ind2="0"><subfield code="A">s</subfield><subfield code="a">Children&apos;s poetry, English</subfield><subfield code="5">DE-101</subfield></datafield><datafield tag="700" ind1="1" ind2=" "><subfield code="0">(DE-588)121244199</subfield><subfield code="0">(DE-Frei129)00446615</subfield><subfield code="a">Duffy, Carol Ann</subfield><subfield code="4">aut</subfield></datafield><datafield tag="700" ind1="1" ind2=" "><subfield code="0">(DE-Frei129)00805458</subfield><subfield code="a">Stevenson, Alice</subfield><subfield code="4">oth</subfield></datafield><datafield tag="852" ind1=" " ind2=" "><subfield code="a">Frei 129</subfield><subfield code="b">PHFR</subfield><subfield code="c">HG 830 D858</subfield></datafield><datafield tag="980" ind1="0" ind2=" "><subfield code="a">00332679</subfield><subfield code="9">(PHFR)</subfield><subfield code="b">2.OG (35)</subfield><subfield code="c">HG 830 D858</subfield><subfield code="d">Standardleihe (01)</subfield><subfield code="e">Verfügbar (X)</subfield></datafield></record>