
<record><leader>01711nam a2200000uu 4500</leader><controlfield tag="001">02352123</controlfield><controlfield tag="003">DE-Frei129</controlfield><controlfield tag="005">20220811084029.0</controlfield><controlfield tag="007">tu</controlfield><controlfield tag="008">120926s2010    |||||||||||||||||||||||||</controlfield><datafield tag="020" ind1=" " ind2=" "><subfield code="a">9780573681134</subfield><subfield code="9">9780573681134</subfield></datafield><datafield tag="035" ind1=" " ind2=" "><subfield code="a">(DE-576)1618931822</subfield></datafield><datafield tag="245" ind1="1" ind2="0"><subfield code="a">Ma Rainey&apos;s black bottom</subfield><subfield code="c">by August Wilson</subfield></datafield><datafield tag="260" ind1="3" ind2=" "><subfield code="a">New York</subfield><subfield code="b">S. French</subfield><subfield code="c">[ca. 2010]</subfield></datafield><datafield tag="300" ind1=" " ind2=" "><subfield code="a">98  Seiten</subfield><subfield code="b">graph. Darst.</subfield></datafield><datafield tag="700" ind1="1" ind2=" "><subfield code="0">(DE-588)119248662</subfield><subfield code="0">(DE-Frei129)00073978</subfield><subfield code="a">Wilson, August</subfield><subfield code="4">aut</subfield></datafield><datafield tag="852" ind1=" " ind2=" "><subfield code="a">Frei 129</subfield><subfield code="b">PHFR</subfield><subfield code="c">HU 9514 M111</subfield></datafield><datafield tag="980" ind1="0" ind2=" "><subfield code="a">00231331</subfield><subfield code="9">(PHFR)</subfield><subfield code="b">2.OG (35)</subfield><subfield code="c">HU 9514 M111</subfield><subfield code="d">Standardleihe (01)</subfield><subfield code="e">Verfügbar (X)</subfield></datafield></record>