
<record><leader>07663nam a2200000uu 4500</leader><controlfield tag="001">02352104</controlfield><controlfield tag="003">DE-Frei129</controlfield><controlfield tag="005">20220811084029.0</controlfield><controlfield tag="007">tu</controlfield><controlfield tag="008">120925s2010    ||||||||||||||||||||eng||</controlfield><datafield tag="020" ind1=" " ind2=" "><subfield code="a">9781860495878</subfield><subfield code="9">9781860495878</subfield></datafield><datafield tag="035" ind1=" " ind2=" "><subfield code="a">(DE-576)1618917161</subfield></datafield><datafield tag="041" ind1=" " ind2=" "><subfield code="a">eng</subfield></datafield><datafield tag="100" ind1="1" ind2=" "><subfield code="a">FitzHerbert, Katrin</subfield><subfield code="0">(DE-Frei129)00799926</subfield><subfield code="0">(DE-588)12364643X</subfield></datafield><datafield tag="245" ind1="1" ind2="0"><subfield code="a">True to both my selves</subfield><subfield code="b">a family memoir of Germany and England in two world wars</subfield><subfield code="c">Katrin FitzHerbert</subfield></datafield><datafield tag="250" ind1=" " ind2=" "><subfield code="a">[Nachdr.]</subfield></datafield><datafield tag="260" ind1="3" ind2=" "><subfield code="a">London</subfield><subfield code="b">Virago</subfield><subfield code="c">2010</subfield></datafield><datafield tag="300" ind1=" " ind2=" "><subfield code="a">XII, 308 Seiten</subfield><subfield code="b">Ill., graph. Darst.</subfield></datafield><datafield tag="600" ind1="1" ind2="7"><subfield code="0">(DE-Frei129)00799926</subfield><subfield code="0">(DE-588)12364643X</subfield><subfield code="a">FitzHerbert, Katrin</subfield><subfield code="2">gnd</subfield></datafield><datafield tag="648" ind1=" " ind2="7"><subfield code="a">Geschichte 1914-1945</subfield><subfield code="0">(DE-Frei129)00085058</subfield><subfield code="2">local</subfield></datafield><datafield tag="650" ind1=" " ind2="7"><subfield code="a">Fitzherbert</subfield><subfield code="0">(DE-Frei129)00756525</subfield><subfield code="2">local</subfield></datafield><datafield tag="650" ind1=" " ind2="7"><subfield code="a">Katrin</subfield><subfield code="0">(DE-Frei129)00756526</subfield><subfield code="2">local</subfield></datafield><datafield tag="650" ind1=" " ind2="7"><subfield code="a">Family</subfield><subfield code="0">(DE-Frei129)00238942</subfield><subfield code="2">local</subfield></datafield><datafield tag="650" ind1=" " ind2="7"><subfield code="a">Germans</subfield><subfield code="0">(DE-Frei129)00247672</subfield><subfield code="2">local</subfield></datafield><datafield tag="650" ind1=" " ind2="7"><subfield code="a">Great Britain</subfield><subfield code="0">(DE-Frei129)00236015</subfield><subfield code="2">local</subfield></datafield><datafield tag="650" ind1=" " ind2="7"><subfield code="a">British</subfield><subfield code="0">(DE-Frei129)00248522</subfield><subfield code="2">local</subfield></datafield><datafield tag="650" ind1=" " ind2="7"><subfield code="a">Germany</subfield><subfield code="0">(DE-Frei129)00220613</subfield><subfield code="2">local</subfield></datafield><datafield tag="650" ind1=" " ind2="7"><subfield code="a">World War, 1914-1918</subfield><subfield code="0">(DE-Frei129)00257207</subfield><subfield code="2">local</subfield></datafield><datafield tag="650" ind1=" " ind2="7"><subfield code="a">Forced repatriation</subfield><subfield code="0">(DE-Frei129)00756527</subfield><subfield code="2">local</subfield></datafield><datafield tag="650" ind1=" " ind2="7"><subfield code="a">World War, 1939-1945</subfield><subfield code="0">(DE-Frei129)00240717</subfield><subfield code="2">local</subfield></datafield><datafield tag="650" ind1=" " ind2="7"><subfield code="a">Deutsche Frau</subfield><subfield code="0">(DE-Frei129)00028149</subfield><subfield code="0">(DE-588)4313546-8</subfield><subfield code="2">gnd</subfield></datafield><datafield tag="650" ind1=" " ind2="7"><subfield code="a">Repatriierung</subfield><subfield code="0">(DE-Frei129)00066068</subfield><subfield code="0">(DE-588)4177807-8</subfield><subfield code="2">gnd</subfield></datafield><datafield tag="650" ind1=" " ind2="7"><subfield code="a">Herkunftsfamilie</subfield><subfield code="0">(DE-Frei129)00091426</subfield><subfield code="0">(DE-588)4327170-4</subfield><subfield code="2">gnd</subfield></datafield><datafield tag="651" ind1=" " ind2="7"><subfield code="a">Großbritannien</subfield><subfield code="0">(DE-Frei129)00006955</subfield><subfield code="0">(DE-588)4022153-2</subfield><subfield code="2">gnd</subfield></datafield><datafield tag="689" ind1="0" ind2="0"><subfield code="A">s</subfield><subfield code="a">Fitzherbert </subfield></datafield><datafield tag="689" ind1="0" ind2="1"><subfield code="A">s</subfield><subfield code="a">Katrin </subfield></datafield><datafield tag="689" ind1="0" ind2="2"><subfield code="A">s</subfield><subfield code="a">Family</subfield><subfield code="5">DE-101</subfield></datafield><datafield tag="689" ind1="1" ind2="0"><subfield code="A">s</subfield><subfield code="a">Germans </subfield></datafield><datafield tag="689" ind1="1" ind2="1"><subfield code="A">s</subfield><subfield code="a">Great Britain</subfield><subfield code="5">DE-101</subfield></datafield><datafield tag="689" ind1="2" ind2="0"><subfield code="A">s</subfield><subfield code="a">British </subfield></datafield><datafield tag="689" ind1="2" ind2="1"><subfield code="A">s</subfield><subfield code="a">Germany</subfield><subfield code="5">DE-101</subfield></datafield><datafield tag="689" ind1="3" ind2="0"><subfield code="A">s</subfield><subfield code="a">World War, 1914-1918 </subfield></datafield><datafield tag="689" ind1="3" ind2="1"><subfield code="A">s</subfield><subfield code="a">Forced repatriation</subfield><subfield code="5">DE-101</subfield></datafield><datafield tag="689" ind1="4" ind2="0"><subfield code="A">s</subfield><subfield code="a">World War, 1939-1945 </subfield></datafield><datafield tag="689" ind1="4" ind2="1"><subfield code="A">s</subfield><subfield code="a">Forced repatriation</subfield><subfield code="5">DE-101</subfield></datafield><datafield tag="689" ind1="5" ind2="0"><subfield code="0">(DE-588)12364643X</subfield><subfield code="D">p</subfield><subfield code="a">FitzHerbert, Katrin</subfield><subfield code="5">DE-101</subfield></datafield><datafield tag="689" ind1="6" ind2="0"><subfield code="0">(DE-588)4022153-2</subfield><subfield code="D">g</subfield><subfield code="a">Großbritannien </subfield></datafield><datafield tag="689" ind1="6" ind2="1"><subfield code="0">(DE-588)4313546-8</subfield><subfield code="D">s</subfield><subfield code="a">Deutsche Frau </subfield></datafield><datafield tag="689" ind1="6" ind2="2"><subfield code="0">(DE-588)4177807-8</subfield><subfield code="D">s</subfield><subfield code="a">Repatriierung </subfield></datafield><datafield tag="689" ind1="6" ind2="3"><subfield code="0">(DE-588)4327170-4</subfield><subfield code="D">s</subfield><subfield code="a">Herkunftsfamilie </subfield></datafield><datafield tag="689" ind1="6" ind2="4"><subfield code="A">s</subfield><subfield code="a">Geschichte 1914-1945</subfield><subfield code="5">DE-101</subfield></datafield><datafield tag="852" ind1=" " ind2=" "><subfield code="a">Frei 129</subfield><subfield code="b">PHFR</subfield><subfield code="c">HN 9990 F555</subfield></datafield><datafield tag="980" ind1="0" ind2=" "><subfield code="a">00231306</subfield><subfield code="9">(PHFR)</subfield><subfield code="b">2.OG (35)</subfield><subfield code="c">HN 9990 F555</subfield><subfield code="d">Standardleihe (01)</subfield><subfield code="e">Verfügbar (X)</subfield></datafield></record>