
<record><leader>04938nam a2200000uu 4500</leader><controlfield tag="001">02351963</controlfield><controlfield tag="003">DE-Frei129</controlfield><controlfield tag="005">20220811084029.0</controlfield><controlfield tag="007">tu</controlfield><controlfield tag="008">120919s2010    ||||||||||||||||||||eng||</controlfield><datafield tag="020" ind1=" " ind2=" "><subfield code="a">9780571260645</subfield><subfield code="9">978-0-571-26064-5</subfield></datafield><datafield tag="035" ind1=" " ind2=" "><subfield code="a">(DE-576)1618832514</subfield></datafield><datafield tag="041" ind1=" " ind2=" "><subfield code="a">eng</subfield></datafield><datafield tag="100" ind1="1" ind2=" "><subfield code="a">Kapur, Manju</subfield><subfield code="0">(DE-Frei129)00800125</subfield><subfield code="0">(DE-588)121278069</subfield><subfield code="4">aut</subfield></datafield><datafield tag="245" ind1="1" ind2="0"><subfield code="a">Difficult daughters</subfield><subfield code="c">Manju Kapur</subfield></datafield><datafield tag="250" ind1=" " ind2=" "><subfield code="a">paperback ed.</subfield></datafield><datafield tag="260" ind1="3" ind2=" "><subfield code="a">London</subfield><subfield code="b">Faber and Faber</subfield><subfield code="c">2010</subfield></datafield><datafield tag="300" ind1=" " ind2=" "><subfield code="a">282  Seiten</subfield></datafield><datafield tag="650" ind1=" " ind2="7"><subfield code="a">Junge Frau</subfield><subfield code="0">(DE-Frei129)00060342</subfield><subfield code="0">(DE-588)4162897-4</subfield><subfield code="2">gnd</subfield></datafield><datafield tag="650" ind1=" " ind2="7"><subfield code="a">Nonkonformismus</subfield><subfield code="0">(DE-Frei129)00042510</subfield><subfield code="0">(DE-588)4126153-7</subfield><subfield code="2">gnd</subfield></datafield><datafield tag="650" ind1=" " ind2="7"><subfield code="a">Geschichte 1943</subfield><subfield code="0">(DE-Frei129)01772954</subfield><subfield code="2">local</subfield></datafield><datafield tag="650" ind1=" " ind2="7"><subfield code="a">Englisch</subfield><subfield code="0">(DE-Frei129)00006961</subfield><subfield code="0">(DE-588)4014777-0</subfield><subfield code="2">gnd</subfield></datafield><datafield tag="650" ind1=" " ind2="7"><subfield code="a">Roman</subfield><subfield code="0">(DE-Frei129)00141734</subfield><subfield code="0">(DE-588)4050479-7</subfield><subfield code="2">gnd</subfield></datafield><datafield tag="651" ind1=" " ind2="7"><subfield code="a">Indien</subfield><subfield code="0">(DE-Frei129)00011710</subfield><subfield code="0">(DE-588)4026722-2</subfield><subfield code="2">gnd</subfield></datafield><datafield tag="655" ind1=" " ind2="7"><subfield code="a">Belletristische Darstellung</subfield><subfield code="0">(DE-Frei129)00000015</subfield><subfield code="2">local</subfield></datafield><datafield tag="655" ind1=" " ind2="7"><subfield code="a">Text</subfield><subfield code="0">(DE-Frei129)00000309</subfield><subfield code="2">local</subfield></datafield><datafield tag="689" ind1="0" ind2="0"><subfield code="0">(DE-588)4026722-2</subfield><subfield code="D">g</subfield><subfield code="a">Indien </subfield></datafield><datafield tag="689" ind1="0" ind2="1"><subfield code="0">(DE-588)4162897-4</subfield><subfield code="D">s</subfield><subfield code="a">Junge Frau </subfield></datafield><datafield tag="689" ind1="0" ind2="2"><subfield code="0">(DE-588)4126153-7</subfield><subfield code="D">s</subfield><subfield code="a">Nonkonformismus </subfield></datafield><datafield tag="689" ind1="0" ind2="3"><subfield code="A">s</subfield><subfield code="a">Geschichte 1943 </subfield></datafield><datafield tag="689" ind1="0" ind2="4"><subfield code="A">s</subfield><subfield code="a">Belletristische Darstellung</subfield><subfield code="5">DE-101</subfield></datafield><datafield tag="689" ind1="1" ind2="0"><subfield code="0">(DE-588)4014777-0</subfield><subfield code="D">s</subfield><subfield code="a">Englisch </subfield></datafield><datafield tag="689" ind1="1" ind2="1"><subfield code="0">(DE-588)4050479-7</subfield><subfield code="D">s</subfield><subfield code="a">Roman </subfield></datafield><datafield tag="689" ind1="1" ind2="2"><subfield code="0">(DE-588)4026722-2</subfield><subfield code="D">g</subfield><subfield code="a">Indien </subfield></datafield><datafield tag="689" ind1="1" ind2="3"><subfield code="A">s</subfield><subfield code="a">Text</subfield><subfield code="5">DE-101</subfield></datafield><datafield tag="852" ind1=" " ind2=" "><subfield code="a">Frei 129</subfield><subfield code="b">PHFR</subfield><subfield code="c">HQ 6999 K17</subfield></datafield><datafield tag="980" ind1="0" ind2=" "><subfield code="a">00231223</subfield><subfield code="9">(PHFR)</subfield><subfield code="b">2.OG (35)</subfield><subfield code="c">HQ 6999 K17</subfield><subfield code="d">Standardleihe (01)</subfield><subfield code="e">Verfügbar (X)</subfield></datafield></record>