
<record><leader>03281nam a2200000uu 4500</leader><controlfield tag="001">02351954</controlfield><controlfield tag="003">DE-Frei129</controlfield><controlfield tag="005">20220811084030.0</controlfield><controlfield tag="007">tu</controlfield><controlfield tag="008">120918s2010    ||||||||||||||||||||eng||</controlfield><datafield tag="020" ind1=" " ind2=" "><subfield code="a">0887761690</subfield><subfield code="9">0-88776-169-0</subfield></datafield><datafield tag="020" ind1=" " ind2=" "><subfield code="a">0887761747</subfield><subfield code="9">0-88776-174-7</subfield><subfield code="c">(pbk.)</subfield></datafield><datafield tag="035" ind1=" " ind2=" "><subfield code="a">(DE-576)1618819720</subfield></datafield><datafield tag="041" ind1=" " ind2=" "><subfield code="a">eng</subfield></datafield><datafield tag="245" ind1="1" ind2="4"><subfield code="a">The hockey sweater</subfield><subfield code="c">story by Roch Carrier; illustrations by Sheldon Cohen; translated from the original French by Sheila Fischman</subfield></datafield><datafield tag="246" ind1="1" ind2="3"><subfield code="a">Chandail de hockey</subfield></datafield><datafield tag="250" ind1=" " ind2=" "><subfield code="a">[Nachdr.]</subfield></datafield><datafield tag="260" ind1="3" ind2=" "><subfield code="a">Montreal, Quebec</subfield><subfield code="b">Tundra Books</subfield><subfield code="c">[20]10</subfield></datafield><datafield tag="300" ind1=" " ind2=" "><subfield code="a">[ca. 24  Seiten ]</subfield><subfield code="b">Ill.</subfield><subfield code="c">24 x 26 cm</subfield></datafield><datafield tag="500" ind1=" " ind2=" "><subfield code="a">Translation of: Chandail de hockey</subfield></datafield><datafield tag="520" ind1=" " ind2=" "><subfield code="a">With every boy in a small Quebec town wearing the sweater of the Montreal Canadiens to play hockey, one child is horrified when, because of a mail order mix-up, he is forced to wear a Toronto Maple Leafs sweater.</subfield></datafield><datafield tag="650" ind1=" " ind2="7"><subfield code="a">Québec (Province)</subfield><subfield code="0">(DE-Frei129)02129738</subfield><subfield code="2">local</subfield></datafield><datafield tag="650" ind1=" " ind2="7"><subfield code="a">Fiction</subfield><subfield code="0">(DE-Frei129)00238008</subfield><subfield code="2">local</subfield></datafield><datafield tag="689" ind1="0" ind2="0"><subfield code="A">s</subfield><subfield code="a">Québec (Province) </subfield></datafield><datafield tag="689" ind1="0" ind2="1"><subfield code="A">s</subfield><subfield code="a">Fiction</subfield><subfield code="5">DE-101</subfield></datafield><datafield tag="700" ind1="1" ind2=" "><subfield code="0">(DE-Frei129)00790996</subfield><subfield code="a">Carrier, Roch</subfield><subfield code="4">aut</subfield></datafield><datafield tag="852" ind1=" " ind2=" "><subfield code="a">Frei 129</subfield><subfield code="b">PHFR</subfield><subfield code="c">ED 5540 C316</subfield></datafield><datafield tag="980" ind1="0" ind2=" "><subfield code="a">00221948</subfield><subfield code="9">(PHFR)</subfield><subfield code="b">2.OG (35)</subfield><subfield code="c">ED 5540 C316</subfield><subfield code="d">Standardleihe (01)</subfield><subfield code="e">Verfügbar (X)</subfield></datafield></record>