
<record><leader>04124nam a2200000uu 4500</leader><controlfield tag="001">02351857</controlfield><controlfield tag="003">DE-Frei129</controlfield><controlfield tag="005">20220811084030.0</controlfield><controlfield tag="007">tu</controlfield><controlfield tag="008">120913s2010    ||||||||||||||||||||eng||</controlfield><datafield tag="016" ind1="7" ind2=" "><subfield code="a">649666593</subfield><subfield code="2">DE-101</subfield></datafield><datafield tag="020" ind1=" " ind2=" "><subfield code="a">0889843376</subfield><subfield code="9">0-88984-337-6</subfield></datafield><datafield tag="020" ind1=" " ind2=" "><subfield code="a">9780889843370</subfield><subfield code="9">978-0-88984-337-0</subfield></datafield><datafield tag="035" ind1=" " ind2=" "><subfield code="a">(DE-576)1618745581</subfield></datafield><datafield tag="041" ind1=" " ind2=" "><subfield code="a">eng</subfield></datafield><datafield tag="245" ind1="1" ind2="0"><subfield code="a">Mystery stories</subfield><subfield code="c">David Helwig</subfield></datafield><datafield tag="260" ind1="3" ind2=" "><subfield code="a">Erin, Ont.</subfield><subfield code="b">Porcupine&apos;s Quill</subfield><subfield code="c">2010</subfield></datafield><datafield tag="300" ind1=" " ind2=" "><subfield code="a">269  Seiten</subfield><subfield code="b">Ill</subfield><subfield code="c">23 cm</subfield></datafield><datafield tag="500" ind1=" " ind2=" "><subfield code="a">These stories are peopled by revenants, shades of their characters&apos; remembered lives, lovers who died, friends who betrayed them or whom they betrayed, apparitions in dreams, visions and voices that speak unexpectedly out of the past. The mystery of personality keeps them vividly present even when they are long dead. These are absences that contain lives: an artist, Reuben Sachs, who painted an image of a hanged man and a few weeks later shot himself, leaving an irreparable, indelible impression on the mind of a young neighbour. A blind man, in dreams, relives the beauty of the city of Venice, which he visited many years before but could not see. An independent woman, a boldly adventurous young war reporter, is reduced to an ancient, bedridden body who on her hundredth birthday finds a faint voice to ask a young visitor if he has seen her book&apos;, indicating the record of her life which lies nearby on a table. A man thinks back to the day he, as small boy, hid on a staircase and looked down at a now long vanished fashionable crowd dancing and drinking at a New Year&apos;s celebration in 1950, in an old hotel owned by his parents, in which he will spend his entire childhood and youth. These are varied and intricate tales told by observers and keepers of the past. The mystery they so sharply catch and elucidate is the essential one, each asking, What am I? What were those others who meant so much to me? What is this life that I have lived?. - Short stories. - Young and Old Missing Notes Red Barn Prophecies for April Adam on the Art of Dying Wakefulness 2: Domestic Arrangements The Steps Stitches in Air Housebound An Act of Oblivion 3: Late Hours Where is He Now? Flight</subfield></datafield><datafield tag="500" ind1=" " ind2=" "><subfield code="a">Erscheinungsjahr in Vorlageform:2010</subfield></datafield><datafield tag="700" ind1="1" ind2=" "><subfield code="0">(DE-Frei129)00785572</subfield><subfield code="a">Helwig, David</subfield><subfield code="4">aut</subfield></datafield><datafield tag="852" ind1=" " ind2=" "><subfield code="a">Frei 129</subfield><subfield code="b">PHFR</subfield><subfield code="c">HQ 5999 H486</subfield></datafield><datafield tag="856" ind1="4" ind2=" "><subfield code="8">00</subfield><subfield code="u">http://www.gbv.de/dms/bowker/toc/9780889843370.pdf</subfield><subfield code="y">04</subfield></datafield><datafield tag="980" ind1="0" ind2=" "><subfield code="a">00232581</subfield><subfield code="9">(PHFR)</subfield><subfield code="b">2.OG (35)</subfield><subfield code="c">HQ 5999 H486</subfield><subfield code="d">Standardleihe (01)</subfield><subfield code="e">Verfügbar (X)</subfield></datafield></record>