
<record><leader>03507nam a2200000uu 4500</leader><controlfield tag="001">02351759</controlfield><controlfield tag="003">DE-Frei129</controlfield><controlfield tag="005">20220811084030.0</controlfield><controlfield tag="007">tu</controlfield><controlfield tag="008">120907s2010    ||||||||||||||||||||eng||</controlfield><datafield tag="020" ind1=" " ind2=" "><subfield code="a">9781842555170</subfield><subfield code="9">978-1-84255-517-0</subfield><subfield code="c">(pbk) : £5.99 pbk : £5.99</subfield></datafield><datafield tag="035" ind1=" " ind2=" "><subfield code="a">(DE-576)1618669311</subfield></datafield><datafield tag="041" ind1=" " ind2=" "><subfield code="a">eng</subfield></datafield><datafield tag="044" ind1=" " ind2=" "><subfield code="c">XA-GB</subfield></datafield><datafield tag="245" ind1="1" ind2="4"><subfield code="a">The foreshadowing</subfield><subfield code="c">Marcus Sedgwick</subfield></datafield><datafield tag="260" ind1="3" ind2=" "><subfield code="a">London</subfield><subfield code="b">Orion Children&apos;s</subfield><subfield code="c">2010</subfield></datafield><datafield tag="300" ind1=" " ind2=" "><subfield code="a">278  Seiten</subfield><subfield code="c">20cm</subfield></datafield><datafield tag="500" ind1=" " ind2=" "><subfield code="a">Originally published: 2005. - Formerly CIP</subfield></datafield><datafield tag="650" ind1=" " ind2="7"><subfield code="a">Psychic ability</subfield><subfield code="0">(DE-Frei129)00756510</subfield><subfield code="2">local</subfield></datafield><datafield tag="650" ind1=" " ind2="7"><subfield code="a">Juvenile fiction</subfield><subfield code="0">(DE-Frei129)00282715</subfield><subfield code="2">local</subfield></datafield><datafield tag="650" ind1=" " ind2="7"><subfield code="a">World War, 1914-1918</subfield><subfield code="0">(DE-Frei129)00257207</subfield><subfield code="2">local</subfield></datafield><datafield tag="650" ind1=" " ind2="7"><subfield code="a">Children&apos;s stories</subfield><subfield code="0">(DE-Frei129)00343656</subfield><subfield code="2">local</subfield></datafield><datafield tag="689" ind1="0" ind2="0"><subfield code="A">s</subfield><subfield code="a">Psychic ability </subfield></datafield><datafield tag="689" ind1="0" ind2="1"><subfield code="A">s</subfield><subfield code="a">Juvenile fiction</subfield><subfield code="5">DE-101</subfield></datafield><datafield tag="689" ind1="1" ind2="0"><subfield code="A">s</subfield><subfield code="a">World War, 1914-1918 </subfield></datafield><datafield tag="689" ind1="1" ind2="1"><subfield code="A">s</subfield><subfield code="a">Juvenile fiction</subfield><subfield code="5">DE-101</subfield></datafield><datafield tag="689" ind1="2" ind2="0"><subfield code="A">s</subfield><subfield code="a">Children&apos;s stories</subfield><subfield code="5">DE-101</subfield></datafield><datafield tag="700" ind1="1" ind2=" "><subfield code="0">(DE-Frei129)00156583</subfield><subfield code="a">Sedgwick, Marcus</subfield><subfield code="4">aut</subfield></datafield><datafield tag="852" ind1=" " ind2=" "><subfield code="a">Frei 129</subfield><subfield code="b">PHFR</subfield><subfield code="c">HN 9990 S448 F7</subfield></datafield><datafield tag="980" ind1="0" ind2=" "><subfield code="a">00231271</subfield><subfield code="9">(PHFR)</subfield><subfield code="b">2.OG (35)</subfield><subfield code="c">HN 9990 S448 F7</subfield><subfield code="d">Standardleihe (01)</subfield><subfield code="e">Verfügbar (X)</subfield></datafield></record>