
<record><leader>04325nam a2200000uu 4500</leader><controlfield tag="001">02351513</controlfield><controlfield tag="003">DE-Frei129</controlfield><controlfield tag="005">20220811084030.0</controlfield><controlfield tag="007">tu</controlfield><controlfield tag="008">120831s2010    ||||||||||||||||||||ger||</controlfield><datafield tag="015" ind1=" " ind2=" "><subfield code="a">07,A42,1337</subfield></datafield><datafield tag="016" ind1="7" ind2=" "><subfield code="a">984080554</subfield><subfield code="2">DE-101</subfield></datafield><datafield tag="020" ind1=" " ind2=" "><subfield code="a">9783894875411</subfield><subfield code="9">978-3-89487-541-1</subfield><subfield code="c">kart. : EUR 16.90 (DE), EUR 17.40 (AT), sfr 30.10</subfield></datafield><datafield tag="020" ind1=" " ind2=" "><subfield code="a">3894875410</subfield><subfield code="9">3-89487-541-0</subfield><subfield code="c">kart. : EUR 16.90 (DE), EUR 17.40 (AT), sfr 30.10</subfield></datafield><datafield tag="024" ind1="3" ind2=" "><subfield code="a">9783894875411</subfield></datafield><datafield tag="035" ind1=" " ind2=" "><subfield code="a">(DE-576)640170226</subfield></datafield><datafield tag="041" ind1=" " ind2=" "><subfield code="a">ger</subfield></datafield><datafield tag="044" ind1=" " ind2=" "><subfield code="c">XA-DE</subfield></datafield><datafield tag="100" ind1="1" ind2=" "><subfield code="a">Seidner, Wolfram</subfield><subfield code="0">(DE-Frei129)00280559</subfield><subfield code="4">aut</subfield></datafield><datafield tag="245" ind1="1" ind2="0"><subfield code="a">ABC des Singens</subfield><subfield code="b">Stimmbildung, Gesang, Stimmgesundheit</subfield><subfield code="c">Wolfram Seidner</subfield></datafield><datafield tag="260" ind1="3" ind2=" "><subfield code="a">[Berlin]</subfield><subfield code="a">[Nachdr.]</subfield><subfield code="b">Henschel</subfield><subfield code="c">2010</subfield></datafield><datafield tag="300" ind1=" " ind2=" "><subfield code="a">158  Seiten</subfield><subfield code="b">Ill., graph. Darst.</subfield><subfield code="c">22 cm</subfield></datafield><datafield tag="500" ind1=" " ind2=" "><subfield code="a">Literaturverz. S. 152 - 153</subfield></datafield><datafield tag="500" ind1=" " ind2=" "><subfield code="a">5090: ddsu/sred</subfield></datafield><datafield tag="650" ind1=" " ind2="7"><subfield code="a">Gesang</subfield><subfield code="0">(DE-Frei129)00009458</subfield><subfield code="0">(DE-588)4020470-4</subfield><subfield code="2">gnd</subfield></datafield><datafield tag="650" ind1=" " ind2="7"><subfield code="a">Stimmbildung</subfield><subfield code="0">(DE-Frei129)00023254</subfield><subfield code="0">(DE-588)4057583-4</subfield><subfield code="2">gnd</subfield></datafield><datafield tag="650" ind1=" " ind2="7"><subfield code="a">Stimme</subfield><subfield code="0">(DE-Frei129)00023258</subfield><subfield code="0">(DE-588)4057587-1</subfield><subfield code="2">gnd</subfield></datafield><datafield tag="689" ind1="0" ind2="0"><subfield code="0">(DE-588)4020470-4</subfield><subfield code="D">s</subfield><subfield code="a">Gesang </subfield></datafield><datafield tag="689" ind1="0" ind2="1"><subfield code="0">(DE-588)4057583-4</subfield><subfield code="D">s</subfield><subfield code="a">Stimmbildung</subfield><subfield code="5">DE-101</subfield></datafield><datafield tag="689" ind1="1" ind2="0"><subfield code="0">(DE-588)4057587-1</subfield><subfield code="D">s</subfield><subfield code="a">Stimme</subfield><subfield code="5">DE-101</subfield></datafield><datafield tag="852" ind1=" " ind2=" "><subfield code="a">Frei 129</subfield><subfield code="b">PHFR</subfield><subfield code="c">LR 56983 S458</subfield></datafield><datafield tag="856" ind1="4" ind2=" "><subfield code="8">00</subfield><subfield code="u">http://bvbr.bib-bvb.de:8991/F?func=service&amp;doc_library=BVB01&amp;doc_number=016218268&amp;line_number=0001&amp;func_code=DB_RECORDS&amp;service_type=MEDIA</subfield><subfield code="y">Inhaltsverzeichnis</subfield></datafield><datafield tag="980" ind1="0" ind2=" "><subfield code="a">00221771</subfield><subfield code="9">(PHFR)</subfield><subfield code="b">3.OG (37)</subfield><subfield code="c">LR 56983 S458</subfield><subfield code="d">Standardleihe (01)</subfield><subfield code="e">Verfügbar (X)</subfield></datafield></record>