
<record><leader>02586nam a2200000uu 4500</leader><controlfield tag="001">02351175</controlfield><controlfield tag="003">DE-Frei129</controlfield><controlfield tag="005">20220811084030.0</controlfield><controlfield tag="007">tu</controlfield><controlfield tag="008">100406s2010    ||||||||||||||||||||eng||</controlfield><datafield tag="020" ind1=" " ind2=" "><subfield code="a">0099541092</subfield><subfield code="9">0099541092</subfield><subfield code="c">(pbk.) : £8.99</subfield></datafield><datafield tag="020" ind1=" " ind2=" "><subfield code="a">9780099541097</subfield><subfield code="9">9780099541097</subfield><subfield code="c">: (pbk.) : £8.99</subfield></datafield><datafield tag="035" ind1=" " ind2=" "><subfield code="a">(DE-576)623078104</subfield></datafield><datafield tag="041" ind1=" " ind2=" "><subfield code="a">eng</subfield></datafield><datafield tag="044" ind1=" " ind2=" "><subfield code="c">XA-GB</subfield></datafield><datafield tag="245" ind1="1" ind2="0"><subfield code="a">Selected stories</subfield><subfield code="c">Alice Munro</subfield></datafield><datafield tag="260" ind1="3" ind2=" "><subfield code="a">London</subfield><subfield code="b">Vintage</subfield><subfield code="c">2010</subfield></datafield><datafield tag="300" ind1=" " ind2=" "><subfield code="a">412 Seiten</subfield><subfield code="c">20 cm</subfield></datafield><datafield tag="490" ind1="0" ind2=" "><subfield code="a">Vintage classics</subfield></datafield><datafield tag="500" ind1=" " ind2=" "><subfield code="a">Orig. publ.: 1996</subfield></datafield><datafield tag="500" ind1=" " ind2=" "><subfield code="a">IMD-Felder maschinell generiert (GBV)</subfield></datafield><datafield tag="700" ind1="1" ind2=" "><subfield code="0">(DE-588)119036525</subfield><subfield code="0">(DE-Frei129)00039086</subfield><subfield code="a">Munro, Alice</subfield><subfield code="4">aut</subfield></datafield><datafield tag="852" ind1=" " ind2=" "><subfield code="a">Frei 129</subfield><subfield code="b">PHFR</subfield><subfield code="c">HQ 5426 S464</subfield></datafield><datafield tag="856" ind1="4" ind2=" "><subfield code="8">00</subfield><subfield code="u">http://www.gbv.de/dms/ilmenau/toc/623078104.PDF</subfield><subfield code="y">Inhaltsverzeichnis</subfield></datafield><datafield tag="980" ind1="0" ind2=" "><subfield code="a">00230968</subfield><subfield code="9">(PHFR)</subfield><subfield code="b">2.OG (35)</subfield><subfield code="c">HQ 5426 S464</subfield><subfield code="d">Standardleihe (01)</subfield><subfield code="e">Verfügbar (X)</subfield></datafield></record>