
<record><leader>02095nam a2200000uu 4500</leader><controlfield tag="001">02351062</controlfield><controlfield tag="003">DE-Frei129</controlfield><controlfield tag="005">20220811084030.0</controlfield><controlfield tag="007">tu</controlfield><controlfield tag="008">120815s2010    ||||||||||||||||||||eng||</controlfield><datafield tag="020" ind1=" " ind2=" "><subfield code="a">9780199111039</subfield><subfield code="9">9780199111039</subfield></datafield><datafield tag="035" ind1=" " ind2=" "><subfield code="a">(DE-576)1618311549</subfield></datafield><datafield tag="041" ind1=" " ind2=" "><subfield code="a">eng</subfield></datafield><datafield tag="044" ind1=" " ind2=" "><subfield code="c">XA-GB</subfield></datafield><datafield tag="245" ind1="1" ind2="4"><subfield code="a">The arrivants</subfield><subfield code="b">a new world trilogy</subfield><subfield code="c">Edward Brathwaite</subfield></datafield><datafield tag="250" ind1=" " ind2=" "><subfield code="a">[Repr.]</subfield></datafield><datafield tag="260" ind1="3" ind2=" "><subfield code="a">Oxford [u.a.]</subfield><subfield code="b">Oxford Univ. Press</subfield><subfield code="c">[ca. 2010]</subfield></datafield><datafield tag="300" ind1=" " ind2=" "><subfield code="a">275 Seiten</subfield></datafield><datafield tag="500" ind1=" " ind2=" "><subfield code="a">Erscheinungsjahr in Vorlageform: 1973</subfield></datafield><datafield tag="700" ind1="1" ind2=" "><subfield code="0">(DE-588)119042304</subfield><subfield code="0">(DE-Frei129)01030933</subfield><subfield code="a">Brathwaite, Kamau</subfield><subfield code="4">aut</subfield></datafield><datafield tag="852" ind1=" " ind2=" "><subfield code="a">Frei 129</subfield><subfield code="b">PHFR</subfield><subfield code="c">HQ 7220 A777</subfield></datafield><datafield tag="980" ind1="0" ind2=" "><subfield code="a">00231329</subfield><subfield code="9">(PHFR)</subfield><subfield code="b">2.OG (35)</subfield><subfield code="c">HQ 7220 A777</subfield><subfield code="d">Standardleihe (01)</subfield><subfield code="e">Verfügbar (X)</subfield></datafield></record>