
<record><leader>02080nam a2200000uu 4500</leader><controlfield tag="001">02350366</controlfield><controlfield tag="003">DE-Frei129</controlfield><controlfield tag="005">20220811084030.0</controlfield><controlfield tag="007">tu</controlfield><controlfield tag="008">120806s2010    |||||||||||||||||||||||||</controlfield><datafield tag="020" ind1=" " ind2=" "><subfield code="a">9780573690389</subfield><subfield code="9">978-0-573-69038-9</subfield></datafield><datafield tag="035" ind1=" " ind2=" "><subfield code="a">(DE-576)161815169X</subfield></datafield><datafield tag="245" ind1="1" ind2="0"><subfield code="a">Bloody poetry</subfield><subfield code="c">by Howard Brenton</subfield></datafield><datafield tag="260" ind1="3" ind2=" "><subfield code="a">New York [u.a.]</subfield><subfield code="b">French</subfield><subfield code="c">[ca. 2010]</subfield></datafield><datafield tag="300" ind1=" " ind2=" "><subfield code="a">105  Seiten</subfield></datafield><datafield tag="500" ind1=" " ind2=" "><subfield code="a">New ed.-Previous ed.: London: Methuen, 1988</subfield></datafield><datafield tag="650" ind1=" " ind2="7"><subfield code="a">English drama</subfield><subfield code="0">(DE-Frei129)00245726</subfield><subfield code="2">local</subfield></datafield><datafield tag="689" ind1="0" ind2="0"><subfield code="A">s</subfield><subfield code="a">English drama</subfield><subfield code="5">DE-101</subfield></datafield><datafield tag="700" ind1="1" ind2=" "><subfield code="0">(DE-Frei129)00340907</subfield><subfield code="a">Brenton, Howard</subfield><subfield code="4">aut</subfield></datafield><datafield tag="852" ind1=" " ind2=" "><subfield code="a">Frei 129</subfield><subfield code="b">PHFR</subfield><subfield code="c">HN 2336 B655</subfield></datafield><datafield tag="980" ind1="0" ind2=" "><subfield code="a">00231289</subfield><subfield code="9">(PHFR)</subfield><subfield code="b">2.OG (35)</subfield><subfield code="c">HN 2336 B655</subfield><subfield code="d">Standardleihe (01)</subfield><subfield code="e">Verfügbar (X)</subfield></datafield></record>