
<record><leader>04916nam a2200000uu 4500</leader><controlfield tag="001">02350330</controlfield><controlfield tag="003">DE-Frei129</controlfield><controlfield tag="005">20220811084030.0</controlfield><controlfield tag="007">tu</controlfield><controlfield tag="008">100209s2010    ||||||||||||||||||||eng||</controlfield><datafield tag="020" ind1=" " ind2=" "><subfield code="a">9781408806593</subfield><subfield code="9">9781408806593</subfield><subfield code="c">£6.99 (pbk.)</subfield></datafield><datafield tag="020" ind1=" " ind2=" "><subfield code="a">1408806592</subfield><subfield code="9">1408806592</subfield></datafield><datafield tag="035" ind1=" " ind2=" "><subfield code="a">(DE-576)618230858</subfield></datafield><datafield tag="041" ind1=" " ind2=" "><subfield code="a">eng</subfield></datafield><datafield tag="044" ind1=" " ind2=" "><subfield code="c">XA-GB</subfield></datafield><datafield tag="100" ind1="1" ind2=" "><subfield code="a">Green, John</subfield><subfield code="0">(DE-Frei129)00156475</subfield><subfield code="0">(DE-588)132602040</subfield></datafield><datafield tag="245" ind1="1" ind2="0"><subfield code="a">Paper towns</subfield><subfield code="c">John Green</subfield></datafield><datafield tag="260" ind1="3" ind2=" "><subfield code="a">London [u.a.]</subfield><subfield code="b">Bloomsbury</subfield><subfield code="c">2010</subfield></datafield><datafield tag="300" ind1=" " ind2=" "><subfield code="a">305 Seiten</subfield><subfield code="c">20 cm</subfield></datafield><datafield tag="500" ind1=" " ind2=" "><subfield code="a">Formerly CIP Uk</subfield></datafield><datafield tag="500" ind1=" " ind2=" "><subfield code="a">IMD-Felder maschinell generiert (GBV)</subfield></datafield><datafield tag="650" ind1=" " ind2="7"><subfield code="a">Missing persons</subfield><subfield code="0">(DE-Frei129)00766154</subfield><subfield code="2">local</subfield></datafield><datafield tag="650" ind1=" " ind2="7"><subfield code="a">Fiction</subfield><subfield code="0">(DE-Frei129)00238008</subfield><subfield code="2">local</subfield></datafield><datafield tag="650" ind1=" " ind2="7"><subfield code="a">Revenge</subfield><subfield code="0">(DE-Frei129)00353021</subfield><subfield code="2">local</subfield></datafield><datafield tag="650" ind1=" " ind2="7"><subfield code="a">United States</subfield><subfield code="0">(DE-Frei129)00237129</subfield><subfield code="2">local</subfield></datafield><datafield tag="650" ind1=" " ind2="7"><subfield code="a">Detective and mystery stories</subfield><subfield code="0">(DE-Frei129)00414122</subfield><subfield code="2">local</subfield></datafield><datafield tag="650" ind1=" " ind2="7"><subfield code="a">Young adult fiction</subfield><subfield code="0">(DE-Frei129)00442005</subfield><subfield code="2">local</subfield></datafield><datafield tag="689" ind1="0" ind2="0"><subfield code="A">s</subfield><subfield code="a">Missing persons </subfield></datafield><datafield tag="689" ind1="0" ind2="1"><subfield code="A">s</subfield><subfield code="a">Fiction</subfield><subfield code="5">DE-101</subfield></datafield><datafield tag="689" ind1="1" ind2="0"><subfield code="A">s</subfield><subfield code="a">Revenge </subfield></datafield><datafield tag="689" ind1="1" ind2="1"><subfield code="A">s</subfield><subfield code="a">Fiction</subfield><subfield code="5">DE-101</subfield></datafield><datafield tag="689" ind1="2" ind2="0"><subfield code="A">s</subfield><subfield code="a">United States </subfield></datafield><datafield tag="689" ind1="2" ind2="1"><subfield code="A">s</subfield><subfield code="a">Fiction</subfield><subfield code="5">DE-101</subfield></datafield><datafield tag="689" ind1="3" ind2="0"><subfield code="A">s</subfield><subfield code="a">Detective and mystery stories</subfield><subfield code="5">DE-101</subfield></datafield><datafield tag="689" ind1="4" ind2="0"><subfield code="A">s</subfield><subfield code="a">Young adult fiction</subfield><subfield code="5">DE-101</subfield></datafield><datafield tag="852" ind1=" " ind2=" "><subfield code="a">Frei 129</subfield><subfield code="b">PHFR</subfield><subfield code="c">HU 9801 G796 P2</subfield></datafield><datafield tag="856" ind1="4" ind2=" "><subfield code="8">00</subfield><subfield code="u">http://www.gbv.de/dms/faz-rez/FD1201003172628498.pdf</subfield><subfield code="y">Rezension</subfield></datafield><datafield tag="856" ind1="4" ind2=" "><subfield code="8">01</subfield><subfield code="u">http://www.gbv.de/dms/faz-rez/FD1201003172628498.pdf</subfield><subfield code="y">Rezension</subfield></datafield><datafield tag="980" ind1="0" ind2=" "><subfield code="a">00223647</subfield><subfield code="9">(PHFR)</subfield><subfield code="b">2.OG (35)</subfield><subfield code="c">HU 9801 G796 P2</subfield><subfield code="d">Standardleihe (01)</subfield><subfield code="e">ausgeliehen (A) - Fälligkeitsdatum: 31.08.2022</subfield></datafield></record>