
<record><leader>03271ncm a2200000uuc4500</leader><controlfield tag="001">02350079</controlfield><controlfield tag="003">DE-Frei129</controlfield><controlfield tag="005">20220811084030.0</controlfield><controlfield tag="007">qu</controlfield><controlfield tag="008">120720s2010    ||||||||||||||||||||ger||</controlfield><datafield tag="020" ind1=" " ind2=" "><subfield code="a">9783794176212</subfield><subfield code="9">978-3-7941-7621-2</subfield></datafield><datafield tag="035" ind1=" " ind2=" "><subfield code="a">(DE-576)1438446136</subfield></datafield><datafield tag="041" ind1=" " ind2=" "><subfield code="a">ger</subfield></datafield><datafield tag="245" ind1="1" ind2="0"><subfield code="a">Die grosse goldene Liederfibel</subfield><subfield code="n">Buch</subfield><subfield code="p">Die grosse goldene Liederfibel / Heribert und Johannes Grüger</subfield><subfield code="c">Heribert und Johannes Grüger</subfield></datafield><datafield tag="250" ind1=" " ind2=" "><subfield code="a">14. Aufl.</subfield></datafield><datafield tag="260" ind1="3" ind2=" "><subfield code="a">Düsseldorf</subfield><subfield code="b">Patmos-Verlag</subfield><subfield code="c">2010</subfield></datafield><datafield tag="300" ind1=" " ind2=" "><subfield code="a">142  Seiten</subfield><subfield code="e">als Beil. 2 CDs</subfield></datafield><datafield tag="300" ind1=" " ind2=" "><subfield code="b">Ill.</subfield></datafield><datafield tag="500" ind1=" " ind2=" "><subfield code="a">Enth. u.a.: Alle Jahre wieder. Bruder Jacob. Der Hahn ist tot. Dornröschen war ein schönes Kind. Ein Männlein steht im Walde. Es tanzt ein Bi-Ba-Butzemann. Froh zu sein. Grün, grün, grün sind alle meine Kleider. Häschen in der Grube. Ich geh&apos; mit meiner Laterne. Josef, lieber Josef mein. Kräht der Hahn. Lasst uns froh und munter sein. Nun wollen wir singen. O Tannenbaum. Ri, ra, rutsch. Summ, summ, summ. Trarira, der Sommer, der ist da. Vom Himmel hoch. Wer hat die schönsten Schäfchen. Wir sind die Musikanten. Zehn Bi-Ba-Butzelchen. - Melodien mit Text.</subfield></datafield><datafield tag="500" ind1=" " ind2=" "><subfield code="a">IMD-Felder und 1131 maschinell ergänzt</subfield></datafield><datafield tag="700" ind1="1" ind2=" "><subfield code="0">(DE-588)123671337</subfield><subfield code="0">(DE-Frei129)00105557</subfield><subfield code="a">Grüger, Heribert</subfield><subfield code="4">aut</subfield></datafield><datafield tag="700" ind1="1" ind2=" "><subfield code="0">(DE-588)11854280X</subfield><subfield code="0">(DE-Frei129)00095616</subfield><subfield code="a">Grüger, Johannes</subfield><subfield code="4">aut</subfield></datafield><datafield tag="773" ind1="0" ind2="8"><subfield code="w">(DE-Frei129)02263307</subfield><subfield code="q">BUCH</subfield></datafield><datafield tag="852" ind1=" " ind2=" "><subfield code="a">Frei 129</subfield><subfield code="b">PHFR</subfield><subfield code="c">LS 52070 G886 (14)</subfield></datafield><datafield tag="980" ind1="0" ind2=" "><subfield code="a">00230199</subfield><subfield code="9">(PHFR)</subfield><subfield code="b">3.OG (37)</subfield><subfield code="c">LS 52070 G886 (14)</subfield><subfield code="d">Standardleihe (01)</subfield><subfield code="e">Verfügbar (X)</subfield></datafield></record>