
<record><leader>03982nam a2200000uu 4500</leader><controlfield tag="001">02348191</controlfield><controlfield tag="003">DE-Frei129</controlfield><controlfield tag="005">20220811084030.0</controlfield><controlfield tag="007">tu</controlfield><controlfield tag="008">120203s2010    ||||||||||||||||||||ger||</controlfield><datafield tag="020" ind1=" " ind2=" "><subfield code="a">9783442156283</subfield><subfield code="9">9783442156283</subfield><subfield code="c">kart. : EUR 9.95 (DE), EUR 10.30 (AT)</subfield></datafield><datafield tag="035" ind1=" " ind2=" "><subfield code="a">(DE-576)684720701</subfield></datafield><datafield tag="041" ind1=" " ind2=" "><subfield code="a">ger</subfield><subfield code="h">eng</subfield></datafield><datafield tag="044" ind1=" " ind2=" "><subfield code="c">XA-DE-BY</subfield></datafield><datafield tag="245" ind1="1" ind2="0"><subfield code="a">Geil auf Gewalt</subfield><subfield code="b">unter Hooligans</subfield><subfield code="c">Bill Buford. Aus dem Engl. von Wolfgang Krege</subfield></datafield><datafield tag="246" ind1="1" ind2="3"><subfield code="a">Among the thugs</subfield></datafield><datafield tag="250" ind1=" " ind2=" "><subfield code="a">Taschenbuchausg., 2. Aufl.</subfield></datafield><datafield tag="260" ind1="3" ind2=" "><subfield code="a">München</subfield><subfield code="b">Goldmann</subfield><subfield code="c">2010</subfield></datafield><datafield tag="300" ind1=" " ind2=" "><subfield code="a">359 Seiten</subfield><subfield code="c">19 cm</subfield></datafield><datafield tag="490" ind1="0" ind2=" "><subfield code="a">Goldmann-Taschenbuch </subfield><subfield code="v">15628</subfield></datafield><datafield tag="500" ind1=" " ind2=" "><subfield code="a">IMD-Felder maschinell generiert (GBV)</subfield></datafield><datafield tag="650" ind1=" " ind2="7"><subfield code="a">Fußballfan</subfield><subfield code="0">(DE-Frei129)00046116</subfield><subfield code="0">(DE-588)4131123-1</subfield><subfield code="2">gnd</subfield></datafield><datafield tag="650" ind1=" " ind2="7"><subfield code="a">Gewalttätigkeit</subfield><subfield code="0">(DE-Frei129)00052908</subfield><subfield code="0">(DE-588)4157237-3</subfield><subfield code="2">gnd</subfield></datafield><datafield tag="651" ind1=" " ind2="7"><subfield code="a">Großbritannien</subfield><subfield code="0">(DE-Frei129)00006955</subfield><subfield code="0">(DE-588)4022153-2</subfield><subfield code="2">gnd</subfield></datafield><datafield tag="689" ind1="0" ind2="0"><subfield code="0">(DE-588)4022153-2</subfield><subfield code="D">g</subfield><subfield code="a">Großbritannien </subfield></datafield><datafield tag="689" ind1="0" ind2="1"><subfield code="0">(DE-588)4131123-1</subfield><subfield code="D">s</subfield><subfield code="a">Fußballfan </subfield></datafield><datafield tag="689" ind1="0" ind2="2"><subfield code="0">(DE-588)4157237-3</subfield><subfield code="D">s</subfield><subfield code="a">Gewalttätigkeit</subfield><subfield code="5">DE-101</subfield></datafield><datafield tag="700" ind1="1" ind2=" "><subfield code="0">(DE-588)134270622</subfield><subfield code="0">(DE-Frei129)00272960</subfield><subfield code="a">Buford, Bill</subfield><subfield code="4">aut</subfield></datafield><datafield tag="700" ind1="1" ind2=" "><subfield code="0">(DE-588)108928489</subfield><subfield code="0">(DE-Frei129)00030816</subfield><subfield code="a">Krege, Wolfgang</subfield><subfield code="4">Übers.</subfield></datafield><datafield tag="852" ind1=" " ind2=" "><subfield code="a">Frei 129</subfield><subfield code="b">PHFR</subfield><subfield code="c">MS 2350 B929 (2)</subfield></datafield><datafield tag="980" ind1="0" ind2=" "><subfield code="a">00230195</subfield><subfield code="9">(PHFR)</subfield><subfield code="b">UG (33)</subfield><subfield code="c">Soz C 580: 41</subfield><subfield code="d">Standardleihe (01)</subfield><subfield code="e">ausgeliehen (A) - Fälligkeitsdatum: 05.09.2022</subfield></datafield></record>