
<record><leader>02775nam a2200000uu 4500</leader><controlfield tag="001">02346606</controlfield><controlfield tag="003">DE-Frei129</controlfield><controlfield tag="005">20220811084030.0</controlfield><controlfield tag="007">tu</controlfield><controlfield tag="008">120625s2010    ||||||||||||||||||||ger||</controlfield><datafield tag="020" ind1=" " ind2=" "><subfield code="a">9783499506192</subfield><subfield code="9">9783499506192</subfield></datafield><datafield tag="035" ind1=" " ind2=" "><subfield code="a">(DE-576)1617504823</subfield></datafield><datafield tag="041" ind1=" " ind2=" "><subfield code="a">ger</subfield></datafield><datafield tag="245" ind1="1" ind2="0"><subfield code="a">Fanny Mendelssohn-Hensel</subfield><subfield code="c">dargestellt von Ute Büchter-Römer</subfield></datafield><datafield tag="250" ind1=" " ind2=" "><subfield code="a">3. Aufl.</subfield></datafield><datafield tag="260" ind1="3" ind2=" "><subfield code="a">Reinbek bei Hamburg</subfield><subfield code="b">Rowohlt</subfield><subfield code="c">2010</subfield></datafield><datafield tag="300" ind1=" " ind2=" "><subfield code="a">155 Seiten</subfield><subfield code="b">Ill.</subfield></datafield><datafield tag="490" ind1="0" ind2=" "><subfield code="a">rororo </subfield><subfield code="v">50619</subfield></datafield><datafield tag="500" ind1=" " ind2=" "><subfield code="a">hier auch später erschienene, unveränderte Nachdrucke</subfield></datafield><datafield tag="600" ind1="1" ind2="7"><subfield code="0">(DE-Frei129)00080095</subfield><subfield code="0">(DE-588)118580736</subfield><subfield code="a">Hensel, Fanny</subfield><subfield code="2">gnd</subfield></datafield><datafield tag="655" ind1=" " ind2="7"><subfield code="a">Biographie</subfield><subfield code="0">(DE-Frei129)00000053</subfield><subfield code="2">local</subfield></datafield><datafield tag="689" ind1="0" ind2="0"><subfield code="0">(DE-588)118580736</subfield><subfield code="D">p</subfield><subfield code="a">Hensel, Fanny</subfield><subfield code="5">DE-101</subfield></datafield><datafield tag="700" ind1="1" ind2=" "><subfield code="0">(DE-588)122641108</subfield><subfield code="0">(DE-Frei129)00080724</subfield><subfield code="a">Büchter-Römer, Ute</subfield><subfield code="4">aut</subfield></datafield><datafield tag="852" ind1=" " ind2=" "><subfield code="a">Frei 129</subfield><subfield code="b">PHFR</subfield><subfield code="c">LP 67100 B928 (3)</subfield></datafield><datafield tag="980" ind1="0" ind2=" "><subfield code="a">00227392</subfield><subfield code="9">(PHFR)</subfield><subfield code="b">3.OG (37)</subfield><subfield code="c">LP 67100 B928 (3)</subfield><subfield code="d">Standardleihe (01)</subfield><subfield code="e">Verfügbar (X)</subfield></datafield></record>