
<record><leader>04009nam a2200000uu 4500</leader><controlfield tag="001">02346556</controlfield><controlfield tag="003">DE-Frei129</controlfield><controlfield tag="005">20220811084030.0</controlfield><controlfield tag="007">tu</controlfield><controlfield tag="008">120621s2010    ||||||||||||||||||||ger||</controlfield><datafield tag="020" ind1=" " ind2=" "><subfield code="a">9783423780162</subfield><subfield code="9">9783423780162</subfield></datafield><datafield tag="035" ind1=" " ind2=" "><subfield code="a">(DE-576)1617422770</subfield></datafield><datafield tag="041" ind1=" " ind2=" "><subfield code="a">ger</subfield></datafield><datafield tag="245" ind1="1" ind2="0"><subfield code="a">... aber Steine reden nicht</subfield><subfield code="c">Carlo Ross</subfield></datafield><datafield tag="250" ind1=" " ind2=" "><subfield code="a">Ungek. Ausg.; 14. Aufl.</subfield></datafield><datafield tag="260" ind1="3" ind2=" "><subfield code="a">München</subfield><subfield code="b">Dt. Taschenbuch-Verl.</subfield><subfield code="c">2010</subfield></datafield><datafield tag="300" ind1=" " ind2=" "><subfield code="a">268 Seiten</subfield></datafield><datafield tag="490" ind1="0" ind2=" "><subfield code="a">dtv </subfield><subfield code="v">78016</subfield></datafield><datafield tag="500" ind1=" " ind2=" "><subfield code="a">Lizenz des Bitter-Verl., Recklinghausen</subfield></datafield><datafield tag="610" ind1="1" ind2="7"><subfield code="a">Hagen</subfield><subfield code="0">(DE-Frei129)00010422</subfield><subfield code="0">(DE-588)4022917-8</subfield><subfield code="2">gnd</subfield></datafield><datafield tag="648" ind1=" " ind2="7"><subfield code="a">Geschichte 1938-1942</subfield><subfield code="0">(DE-Frei129)00087029</subfield><subfield code="2">local</subfield></datafield><datafield tag="650" ind1=" " ind2="7"><subfield code="a">Judenverfolgung</subfield><subfield code="0">(DE-Frei129)00001486</subfield><subfield code="0">(DE-588)4028814-6</subfield><subfield code="2">gnd</subfield></datafield><datafield tag="650" ind1=" " ind2="7"><subfield code="a">Drittes Reich</subfield><subfield code="0">(DE-Frei129)00006281</subfield><subfield code="0">(DE-588)4013021-6</subfield><subfield code="2">gnd</subfield></datafield><datafield tag="689" ind1="0" ind2="0"><subfield code="0">(DE-588)4022917-8</subfield><subfield code="D">g</subfield><subfield code="a">Hagen </subfield></datafield><datafield tag="689" ind1="0" ind2="1"><subfield code="0">(DE-588)4028814-6</subfield><subfield code="D">s</subfield><subfield code="a">Judenverfolgung </subfield></datafield><datafield tag="689" ind1="0" ind2="2"><subfield code="A">s</subfield><subfield code="a">Geschichte 1938-1942</subfield><subfield code="5">DE-101</subfield></datafield><datafield tag="689" ind1="1" ind2="0"><subfield code="0">(DE-588)4013021-6</subfield><subfield code="D">s</subfield><subfield code="a">Drittes Reich </subfield></datafield><datafield tag="689" ind1="1" ind2="1"><subfield code="0">(DE-588)4028814-6</subfield><subfield code="D">s</subfield><subfield code="a">Judenverfolgung </subfield></datafield><datafield tag="689" ind1="1" ind2="2"><subfield code="0">(DE-588)4022917-8</subfield><subfield code="D">g</subfield><subfield code="a">Hagen</subfield><subfield code="5">DE-101</subfield></datafield><datafield tag="700" ind1="1" ind2=" "><subfield code="0">(DE-588)122082079</subfield><subfield code="0">(DE-Frei129)00464493</subfield><subfield code="a">Ross, Carlo</subfield><subfield code="4">aut</subfield></datafield><datafield tag="852" ind1=" " ind2=" "><subfield code="a">Frei 129</subfield><subfield code="b">PHFR</subfield><subfield code="c">ED 5430 R823 (14)</subfield></datafield><datafield tag="980" ind1="0" ind2=" "><subfield code="a">00229153</subfield><subfield code="9">(PHFR)</subfield><subfield code="b">2.OG (35)</subfield><subfield code="c">ED 5430 R823 (14)</subfield><subfield code="d">Standardleihe (01)</subfield><subfield code="e">Verfügbar (X)</subfield></datafield></record>