
<record><leader>01950nam a2200000uuc4500</leader><controlfield tag="001">02346143</controlfield><controlfield tag="003">DE-Frei129</controlfield><controlfield tag="005">20220811084030.0</controlfield><controlfield tag="007">tu</controlfield><controlfield tag="008">120613s2010    ||||||||||||||||||||ger||</controlfield><datafield tag="020" ind1=" " ind2=" "><subfield code="a">9783898357036</subfield><subfield code="9">978-3-89835-703-6</subfield></datafield><datafield tag="035" ind1=" " ind2=" "><subfield code="a">(DE-576)1436653371</subfield></datafield><datafield tag="041" ind1=" " ind2=" "><subfield code="a">ger</subfield></datafield><datafield tag="044" ind1=" " ind2=" "><subfield code="c">XA-DE-HH</subfield></datafield><datafield tag="245" ind1="1" ind2="0"><subfield code="a">Ritter Rost und Prinz Protz</subfield><subfield code="b">Musical für Kinder; mit Musik-CD und Noten</subfield><subfield code="c">Jörg Hilbert; Felix Janosa</subfield></datafield><datafield tag="250" ind1=" " ind2=" "><subfield code="a">12. Aufl.</subfield></datafield><datafield tag="260" ind1="3" ind2=" "><subfield code="a">Hamburg</subfield><subfield code="b">Terzio</subfield><subfield code="c">2010</subfield></datafield><datafield tag="300" ind1=" " ind2=" "><subfield code="a">[44]  Seiten</subfield><subfield code="b">Ill., Notenbeisp.</subfield></datafield><datafield tag="773" ind1="0" ind2="8"><subfield code="w">(DE-Frei129)02345860</subfield></datafield><datafield tag="852" ind1=" " ind2=" "><subfield code="a">Frei 129</subfield><subfield code="b">PHFR</subfield><subfield code="c">LT 54130 H641 P9 (12)</subfield></datafield><datafield tag="980" ind1="0" ind2=" "><subfield code="a">00015492</subfield><subfield code="9">(PHFR)</subfield><subfield code="b">3.OG (37)</subfield><subfield code="c">LT 54130 H641 P9 (12)</subfield><subfield code="d">Standardleihe (01)</subfield><subfield code="e">Verfügbar (X)</subfield></datafield></record>