
<record><leader>03882nam a2200000uu 4500</leader><controlfield tag="001">02346141</controlfield><controlfield tag="003">DE-Frei129</controlfield><controlfield tag="005">20220811084030.0</controlfield><controlfield tag="007">tu</controlfield><controlfield tag="008">120613s2010    ||||||||||||||||||||ger||</controlfield><datafield tag="020" ind1=" " ind2=" "><subfield code="a">9783794151912</subfield><subfield code="9">978-3-7941-5191-2</subfield></datafield><datafield tag="035" ind1=" " ind2=" "><subfield code="a">(DE-576)1617255386</subfield></datafield><datafield tag="041" ind1=" " ind2=" "><subfield code="a">ger</subfield></datafield><datafield tag="044" ind1=" " ind2=" "><subfield code="c">XA-DE-NW</subfield></datafield><datafield tag="245" ind1="1" ind2="0"><subfield code="a">Anna und die Wut</subfield><subfield code="c">Christine Nöstlinger; Christiane Nöstlinger</subfield></datafield><datafield tag="250" ind1=" " ind2=" "><subfield code="a">3. Aufl.</subfield></datafield><datafield tag="260" ind1="3" ind2=" "><subfield code="a">Düsseldorf</subfield><subfield code="b">Sauerländer</subfield><subfield code="c">2010</subfield></datafield><datafield tag="300" ind1=" " ind2=" "><subfield code="a">33  Seiten</subfield><subfield code="c">23 cm</subfield></datafield><datafield tag="500" ind1=" " ind2=" "><subfield code="a">IMD-Felder und 1131 maschinell ergänzt</subfield></datafield><datafield tag="650" ind1=" " ind2="7"><subfield code="a">Mädchen</subfield><subfield code="0">(DE-Frei129)00015765</subfield><subfield code="0">(DE-588)4036871-3</subfield><subfield code="2">gnd</subfield></datafield><datafield tag="650" ind1=" " ind2="7"><subfield code="a">Wut</subfield><subfield code="0">(DE-Frei129)00048187</subfield><subfield code="0">(DE-588)4133872-8</subfield><subfield code="2">gnd</subfield></datafield><datafield tag="650" ind1=" " ind2="7"><subfield code="a">Bewältigung</subfield><subfield code="0">(DE-Frei129)00024705</subfield><subfield code="0">(DE-588)4195461-0</subfield><subfield code="2">gnd</subfield></datafield><datafield tag="655" ind1=" " ind2="7"><subfield code="a">Bilderbuch</subfield><subfield code="0">(DE-Frei129)00000373</subfield><subfield code="2">local</subfield></datafield><datafield tag="689" ind1="0" ind2="0"><subfield code="0">(DE-588)4036871-3</subfield><subfield code="D">s</subfield><subfield code="a">Mädchen </subfield></datafield><datafield tag="689" ind1="0" ind2="1"><subfield code="0">(DE-588)4133872-8</subfield><subfield code="D">s</subfield><subfield code="a">Wut </subfield></datafield><datafield tag="689" ind1="0" ind2="2"><subfield code="0">(DE-588)4195461-0</subfield><subfield code="D">s</subfield><subfield code="a">Bewältigung </subfield></datafield><datafield tag="689" ind1="0" ind2="3"><subfield code="A">s</subfield><subfield code="a">Bilderbuch</subfield><subfield code="5">DE-101</subfield></datafield><datafield tag="700" ind1="1" ind2=" "><subfield code="0">(DE-588)115835954</subfield><subfield code="0">(DE-Frei129)00082895</subfield><subfield code="a">Nöstlinger, Christiana</subfield><subfield code="4">oth</subfield></datafield><datafield tag="700" ind1="1" ind2=" "><subfield code="0">(DE-588)115835954</subfield><subfield code="0">(DE-Frei129)00082895</subfield><subfield code="a">Nöstlinger, Christiana</subfield><subfield code="4">oth</subfield></datafield><datafield tag="852" ind1=" " ind2=" "><subfield code="a">Frei 129</subfield><subfield code="b">PHFR</subfield><subfield code="c">ED 5540 N771 (3)</subfield></datafield><datafield tag="980" ind1="0" ind2=" "><subfield code="a">00229003</subfield><subfield code="9">(PHFR)</subfield><subfield code="b">2.OG (35)</subfield><subfield code="c">ED 5540 N771 (3)</subfield><subfield code="d">Standardleihe (01)</subfield><subfield code="e">ausgeliehen (A) - Fälligkeitsdatum: 31.08.2022</subfield></datafield></record>