
<record><leader>01983nam a2200000uuc4500</leader><controlfield tag="001">02346092</controlfield><controlfield tag="003">DE-Frei129</controlfield><controlfield tag="005">20220811084030.0</controlfield><controlfield tag="007">tu</controlfield><controlfield tag="008">120611s2010    ||||||||||||||||||||ger||</controlfield><datafield tag="020" ind1=" " ind2=" "><subfield code="a">9783403022824</subfield><subfield code="9">9783403022824</subfield></datafield><datafield tag="035" ind1=" " ind2=" "><subfield code="a">(DE-576)1436541360</subfield></datafield><datafield tag="041" ind1=" " ind2=" "><subfield code="a">ger</subfield></datafield><datafield tag="245" ind1="1" ind2="0"><subfield code="a">Fabeln in Stundenbildern</subfield><subfield code="b">Unterrichtsvorschläge mit Kopiervorlagen</subfield><subfield code="n">3/4</subfield><subfield code="p">3. und 4. Jahrgangsstufe</subfield><subfield code="c">hrsg. von Oswald Watzke. Erarb. von Peter Högler ...</subfield></datafield><datafield tag="250" ind1=" " ind2=" "><subfield code="a">7. Aufl.</subfield></datafield><datafield tag="260" ind1="3" ind2=" "><subfield code="a">Donauwörth</subfield><subfield code="b">Auer</subfield><subfield code="c">2010</subfield></datafield><datafield tag="300" ind1=" " ind2=" "><subfield code="a">96 Seiten</subfield><subfield code="b">Ill.</subfield></datafield><datafield tag="773" ind1="0" ind2="8"><subfield code="w">(DE-Frei129)01334061</subfield><subfield code="q">3/417</subfield></datafield><datafield tag="852" ind1=" " ind2=" "><subfield code="a">Frei 129</subfield><subfield code="b">PHFR</subfield><subfield code="c">GB 2978 W353 -3/4(7)</subfield></datafield><datafield tag="980" ind1="0" ind2=" "><subfield code="a">00228140</subfield><subfield code="9">(PHFR)</subfield><subfield code="b">2.OG (35)</subfield><subfield code="c">GB 2978 W353 -3/4(7)</subfield><subfield code="d">Standardleihe (01)</subfield><subfield code="e">Nicht im Regal</subfield></datafield></record>