
<record><leader>03272nam a2200000uu 4500</leader><controlfield tag="001">02345816</controlfield><controlfield tag="003">DE-Frei129</controlfield><controlfield tag="005">20220811084030.0</controlfield><controlfield tag="007">tu</controlfield><controlfield tag="008">120525s2010    ||||||||||||||||||||eng||</controlfield><datafield tag="020" ind1=" " ind2=" "><subfield code="a">9781408225219</subfield><subfield code="9">9781408225219</subfield><subfield code="c">No price</subfield></datafield><datafield tag="020" ind1=" " ind2=" "><subfield code="a">1408225212</subfield><subfield code="9">1408225212</subfield><subfield code="c">No price</subfield></datafield><datafield tag="035" ind1=" " ind2=" "><subfield code="a">(DE-576)161695521X</subfield></datafield><datafield tag="041" ind1=" " ind2=" "><subfield code="a">eng</subfield></datafield><datafield tag="245" ind1="1" ind2="0"><subfield code="a">Longman elementary dictionary and thesaurus</subfield><subfield code="b">with color photographs and illustrations</subfield><subfield code="c">[editors Evadne Adrian-Vallance ...]</subfield></datafield><datafield tag="260" ind1="3" ind2=" "><subfield code="a">Harlow</subfield><subfield code="b">Pearson Longman</subfield><subfield code="c">2010</subfield></datafield><datafield tag="300" ind1=" " ind2=" "><subfield code="a">VI, 847, A 40  Seiten</subfield><subfield code="b">Ill., graph. Darst.</subfield><subfield code="c">27 cm</subfield></datafield><datafield tag="650" ind1=" " ind2="7"><subfield code="a">English language</subfield><subfield code="0">(DE-Frei129)00237538</subfield><subfield code="2">local</subfield></datafield><datafield tag="650" ind1=" " ind2="7"><subfield code="a">Dictionaries</subfield><subfield code="0">(DE-Frei129)00227673</subfield><subfield code="2">local</subfield></datafield><datafield tag="650" ind1=" " ind2="7"><subfield code="a">Terms and phrases</subfield><subfield code="0">(DE-Frei129)00237350</subfield><subfield code="2">local</subfield></datafield><datafield tag="689" ind1="0" ind2="0"><subfield code="A">s</subfield><subfield code="a">English language </subfield></datafield><datafield tag="689" ind1="0" ind2="1"><subfield code="A">s</subfield><subfield code="a">Dictionaries</subfield><subfield code="5">DE-101</subfield></datafield><datafield tag="689" ind1="1" ind2="0"><subfield code="A">s</subfield><subfield code="a">English language </subfield></datafield><datafield tag="689" ind1="1" ind2="1"><subfield code="A">s</subfield><subfield code="a">Terms and phrases</subfield><subfield code="5">DE-101</subfield></datafield><datafield tag="700" ind1="1" ind2=" "><subfield code="0">(DE-Frei129)00810117</subfield><subfield code="a">Adrian-Vallance, Evadne</subfield><subfield code="4">Hrsg.</subfield></datafield><datafield tag="852" ind1=" " ind2=" "><subfield code="a">Frei 129</subfield><subfield code="b">PHFR</subfield><subfield code="c">HD 230 A243</subfield></datafield><datafield tag="980" ind1="0" ind2=" "><subfield code="a">00333110</subfield><subfield code="9">(PHFR)</subfield><subfield code="b">Handbibliothek (50)</subfield><subfield code="c">Fre N 4: 65</subfield><subfield code="d">Handbibliothek - nie verleihbar (54)</subfield><subfield code="e">Verfügbar (X)</subfield></datafield></record>