
<record><leader>03751nam a2200000uu 4500</leader><controlfield tag="001">02345758</controlfield><controlfield tag="003">DE-Frei129</controlfield><controlfield tag="005">20220811084030.0</controlfield><controlfield tag="007">tu</controlfield><controlfield tag="008">120521s2010    ||||||||||||||||||||fre||</controlfield><datafield tag="020" ind1=" " ind2=" "><subfield code="a">9782923342504</subfield><subfield code="9">978-2-923342-50-4</subfield></datafield><datafield tag="020" ind1=" " ind2=" "><subfield code="a">292334250X</subfield><subfield code="9">2-923342-50-X</subfield></datafield><datafield tag="035" ind1=" " ind2=" "><subfield code="a">(DE-576)684414104</subfield></datafield><datafield tag="041" ind1=" " ind2=" "><subfield code="a">fre</subfield></datafield><datafield tag="044" ind1=" " ind2=" "><subfield code="c">XD-CA</subfield></datafield><datafield tag="245" ind1="1" ind2="0"><subfield code="a">Haïti, mon pays</subfield><subfield code="b">poèmes d&apos;écoliers haïtiens</subfield><subfield code="c">[Lordanie Théodore ...] Ill. par Rogé</subfield></datafield><datafield tag="260" ind1="3" ind2=" "><subfield code="a">Montréal (Québec)</subfield><subfield code="b">Éd. de la Bagnole</subfield><subfield code="c">2010</subfield></datafield><datafield tag="300" ind1=" " ind2=" "><subfield code="a">[21]  Blatt</subfield><subfield code="b">überw. Ill.</subfield><subfield code="c">37 cm</subfield></datafield><datafield tag="650" ind1=" " ind2="7"><subfield code="a">Lyrik</subfield><subfield code="0">(DE-Frei129)00126763</subfield><subfield code="0">(DE-588)4036774-5</subfield><subfield code="2">gnd</subfield></datafield><datafield tag="650" ind1=" " ind2="7"><subfield code="a">Schüler</subfield><subfield code="0">(DE-Frei129)00002305</subfield><subfield code="0">(DE-588)4053369-4</subfield><subfield code="2">gnd</subfield></datafield><datafield tag="651" ind1=" " ind2="7"><subfield code="a">Haiti</subfield><subfield code="0">(DE-Frei129)00010438</subfield><subfield code="0">(DE-588)4022974-9</subfield><subfield code="2">gnd</subfield></datafield><datafield tag="655" ind1=" " ind2="7"><subfield code="a">Kinderbuch</subfield><subfield code="0">(DE-Frei129)00000374</subfield><subfield code="2">local</subfield></datafield><datafield tag="689" ind1="0" ind2="0"><subfield code="0">(DE-588)4022974-9</subfield><subfield code="D">g</subfield><subfield code="a">Haiti </subfield></datafield><datafield tag="689" ind1="0" ind2="1"><subfield code="0">(DE-588)4036774-5</subfield><subfield code="D">s</subfield><subfield code="a">Lyrik </subfield></datafield><datafield tag="689" ind1="0" ind2="2"><subfield code="0">(DE-588)4053369-4</subfield><subfield code="D">s</subfield><subfield code="a">Schüler </subfield></datafield><datafield tag="689" ind1="0" ind2="3"><subfield code="A">s</subfield><subfield code="a">Kinderbuch</subfield><subfield code="5">DE-101</subfield></datafield><datafield tag="700" ind1="0" ind2=" "><subfield code="0">(DE-Frei129)58010108</subfield><subfield code="a">Rogé</subfield><subfield code="4">oth</subfield></datafield><datafield tag="700" ind1="1" ind2=" "><subfield code="0">(DE-Frei129)00809345</subfield><subfield code="a">Théodore, Lordaine</subfield><subfield code="4">oth</subfield></datafield><datafield tag="852" ind1=" " ind2=" "><subfield code="a">Frei 129</subfield><subfield code="b">PHFR</subfield><subfield code="c">IE 3865 R736</subfield></datafield><datafield tag="980" ind1="0" ind2=" "><subfield code="a">00221471</subfield><subfield code="9">(PHFR)</subfield><subfield code="b">2.OG (35)</subfield><subfield code="c">IE 3865 R736</subfield><subfield code="d">Standardleihe (01)</subfield><subfield code="e">Verfügbar (X)</subfield></datafield></record>