
<record><leader>02233nam a2200000uu 4500</leader><controlfield tag="001">02345751</controlfield><controlfield tag="003">DE-Frei129</controlfield><controlfield tag="005">20220811084030.0</controlfield><controlfield tag="007">tu</controlfield><controlfield tag="008">120521s2010    |||||||||m||||||||||ger||</controlfield><datafield tag="020" ind1=" " ind2=" "><subfield code="a">9783640654451</subfield><subfield code="9">9783640654451</subfield></datafield><datafield tag="035" ind1=" " ind2=" "><subfield code="a">(DE-576)1616876670</subfield></datafield><datafield tag="041" ind1=" " ind2=" "><subfield code="a">ger</subfield></datafield><datafield tag="100" ind1="1" ind2=" "><subfield code="a">Frank, Jochen</subfield><subfield code="0">(DE-Frei129)00449107</subfield><subfield code="0">(DE-588)1145677061</subfield><subfield code="4">aut</subfield></datafield><datafield tag="245" ind1="1" ind2="0"><subfield code="a">Aufbau von Raumorientierungskompetenz in der 5. Klasse Realschule</subfield><subfield code="b">dargestellt am Beispiel &quot;Unterrichtsprojekt Geocaching&quot;</subfield><subfield code="c">Jochen Frank</subfield></datafield><datafield tag="250" ind1=" " ind2=" "><subfield code="a">1. Aufl.</subfield></datafield><datafield tag="260" ind1="3" ind2=" "><subfield code="a">München</subfield><subfield code="b">GRIN-Verl.</subfield><subfield code="c">2010</subfield></datafield><datafield tag="300" ind1=" " ind2=" "><subfield code="a">114 Seiten</subfield><subfield code="b">Ill., graph. Darst.</subfield></datafield><datafield tag="500" ind1=" " ind2=" "><subfield code="a">Würzburg</subfield></datafield><datafield tag="502" ind1=" " ind2=" "><subfield code="a">Zugl.: Würzburg, Univ., Examensarbeit, 2010</subfield></datafield><datafield tag="852" ind1=" " ind2=" "><subfield code="a">Frei 129</subfield><subfield code="b">PHFR</subfield><subfield code="c">RB 10871 F828</subfield></datafield><datafield tag="980" ind1="0" ind2=" "><subfield code="a">00221441</subfield><subfield code="9">(PHFR)</subfield><subfield code="b">EG-Anbau (32)</subfield><subfield code="c">RB 10871 F828</subfield><subfield code="d">Standardleihe (01)</subfield><subfield code="e">Verfügbar (X)</subfield></datafield></record>