
<record><leader>02057nam a2200000uu 4500</leader><controlfield tag="001">02345639</controlfield><controlfield tag="003">DE-Frei129</controlfield><controlfield tag="005">20220811084030.0</controlfield><controlfield tag="007">tu</controlfield><controlfield tag="008">120514s2010    ||||||||||||||||||||eng||</controlfield><datafield tag="016" ind1="7" ind2=" "><subfield code="a">623581930</subfield><subfield code="2">DE-101</subfield></datafield><datafield tag="020" ind1=" " ind2=" "><subfield code="a">9780763636180</subfield><subfield code="9">978-0-7636-3618-0</subfield></datafield><datafield tag="035" ind1=" " ind2=" "><subfield code="a">(DE-576)1616774037</subfield></datafield><datafield tag="041" ind1=" " ind2=" "><subfield code="a">eng</subfield></datafield><datafield tag="044" ind1=" " ind2=" "><subfield code="c">XD-US</subfield></datafield><datafield tag="245" ind1="1" ind2="4"><subfield code="a">The storm in the barn</subfield><subfield code="c">Matt Phelan</subfield></datafield><datafield tag="250" ind1=" " ind2=" "><subfield code="a">1. ed., [Nachdr.]</subfield></datafield><datafield tag="260" ind1="3" ind2=" "><subfield code="a">Somerville, Mass.</subfield><subfield code="b">Candlewick Press</subfield><subfield code="c">2010</subfield></datafield><datafield tag="300" ind1=" " ind2=" "><subfield code="a">201  Seiten</subfield><subfield code="b">überw. Ill.</subfield></datafield><datafield tag="700" ind1="1" ind2=" "><subfield code="0">(DE-Frei129)00809335</subfield><subfield code="a">Phelan, Matt</subfield><subfield code="4">aut</subfield></datafield><datafield tag="852" ind1=" " ind2=" "><subfield code="a">Frei 129</subfield><subfield code="b">PHFR</subfield><subfield code="c">ED 4120 P538</subfield></datafield><datafield tag="980" ind1="0" ind2=" "><subfield code="a">00221542</subfield><subfield code="9">(PHFR)</subfield><subfield code="b">2.OG (35)</subfield><subfield code="c">ED 4120 P538</subfield><subfield code="d">Standardleihe (01)</subfield><subfield code="e">Verfügbar (X)</subfield></datafield></record>