
<record><leader>02153nam a2200000uu 4500</leader><controlfield tag="001">02345610</controlfield><controlfield tag="003">DE-Frei129</controlfield><controlfield tag="005">20220811084030.0</controlfield><controlfield tag="007">tu</controlfield><controlfield tag="008">120511s2010    ||||||||||||||||||||eng||</controlfield><datafield tag="016" ind1="7" ind2=" "><subfield code="a">654883688</subfield><subfield code="2">DE-101</subfield></datafield><datafield tag="020" ind1=" " ind2=" "><subfield code="a">9781596436060</subfield><subfield code="9">978-1-596-43606-0</subfield></datafield><datafield tag="020" ind1=" " ind2=" "><subfield code="a">1596436069</subfield><subfield code="9">1-596-43606-9</subfield></datafield><datafield tag="035" ind1=" " ind2=" "><subfield code="a">(DE-576)654883688</subfield></datafield><datafield tag="041" ind1=" " ind2=" "><subfield code="a">eng</subfield></datafield><datafield tag="044" ind1=" " ind2=" "><subfield code="c">XD-US</subfield></datafield><datafield tag="245" ind1="1" ind2="0"><subfield code="a">It&apos;s a book</subfield><subfield code="c">Lane Smith</subfield></datafield><datafield tag="250" ind1=" " ind2=" "><subfield code="a">Nachdr</subfield></datafield><datafield tag="260" ind1="3" ind2=" "><subfield code="a">New York</subfield><subfield code="b">Roaring Brook</subfield><subfield code="c">2010</subfield></datafield><datafield tag="300" ind1=" " ind2=" "><subfield code="a">[34]  Seiten</subfield><subfield code="b">Ill.</subfield></datafield><datafield tag="700" ind1="1" ind2=" "><subfield code="0">(DE-Frei129)00099999</subfield><subfield code="a">Smith, Lane</subfield><subfield code="4">aut</subfield></datafield><datafield tag="852" ind1=" " ind2=" "><subfield code="a">Frei 129</subfield><subfield code="b">PHFR</subfield><subfield code="c">ED 5540 S654</subfield></datafield><datafield tag="980" ind1="0" ind2=" "><subfield code="a">00228763</subfield><subfield code="9">(PHFR)</subfield><subfield code="b">2.OG (35)</subfield><subfield code="c">ED 5540 S654</subfield><subfield code="d">Standardleihe (01)</subfield><subfield code="e">Verfügbar (X)</subfield></datafield></record>