
<record><leader>05004nam a2200000uu 4500</leader><controlfield tag="001">02345593</controlfield><controlfield tag="003">DE-Frei129</controlfield><controlfield tag="005">20220811084030.0</controlfield><controlfield tag="007">tu</controlfield><controlfield tag="008">120511s2010    |||||||||||||||||||||||||</controlfield><datafield tag="020" ind1=" " ind2=" "><subfield code="a">9780747598060</subfield><subfield code="9">978-0-7475-9806-0</subfield><subfield code="c">(pbk.) £6.99</subfield></datafield><datafield tag="020" ind1=" " ind2=" "><subfield code="a">0747598061</subfield><subfield code="9">0-7475-9806-1</subfield><subfield code="c">(pbk.) £6.99</subfield></datafield><datafield tag="035" ind1=" " ind2=" "><subfield code="a">(DE-576)1616764872</subfield></datafield><datafield tag="245" ind1="1" ind2="0"><subfield code="a">Chains</subfield><subfield code="c">Laurie Halse Anderson</subfield></datafield><datafield tag="260" ind1="3" ind2=" "><subfield code="a">London</subfield><subfield code="b">Bloomsbury</subfield><subfield code="c">2010</subfield></datafield><datafield tag="300" ind1=" " ind2=" "><subfield code="a">316  Seiten</subfield><subfield code="c">20 cm</subfield></datafield><datafield tag="500" ind1=" " ind2=" "><subfield code="a">Originally published: 2009</subfield></datafield><datafield tag="650" ind1=" " ind2="7"><subfield code="a">Women slaves</subfield><subfield code="0">(DE-Frei129)00245412</subfield><subfield code="2">local</subfield></datafield><datafield tag="650" ind1=" " ind2="7"><subfield code="a">New York (State)</subfield><subfield code="0">(DE-Frei129)02349968</subfield><subfield code="2">local</subfield></datafield><datafield tag="650" ind1=" " ind2="7"><subfield code="a">New York</subfield><subfield code="0">(DE-Frei129)00237514</subfield><subfield code="2">local</subfield></datafield><datafield tag="650" ind1=" " ind2="7"><subfield code="a">Social conditions</subfield><subfield code="0">(DE-Frei129)00229520</subfield><subfield code="2">local</subfield></datafield><datafield tag="650" ind1=" " ind2="7"><subfield code="a">Fiction</subfield><subfield code="0">(DE-Frei129)00238008</subfield><subfield code="2">local</subfield></datafield><datafield tag="650" ind1=" " ind2="7"><subfield code="a">New York (N.Y.)</subfield><subfield code="0">(DE-Frei129)00238498</subfield><subfield code="2">local</subfield></datafield><datafield tag="650" ind1=" " ind2="7"><subfield code="a">History</subfield><subfield code="0">(DE-Frei129)00229518</subfield><subfield code="2">local</subfield></datafield><datafield tag="650" ind1=" " ind2="7"><subfield code="a">Revolution, 1775-1783</subfield><subfield code="0">(DE-Frei129)00441759</subfield><subfield code="2">local</subfield></datafield><datafield tag="650" ind1=" " ind2="7"><subfield code="a">Young adult fiction</subfield><subfield code="0">(DE-Frei129)00442005</subfield><subfield code="2">local</subfield></datafield><datafield tag="689" ind1="0" ind2="0"><subfield code="A">s</subfield><subfield code="a">Women slaves </subfield></datafield><datafield tag="689" ind1="0" ind2="1"><subfield code="A">s</subfield><subfield code="a">New York (State) </subfield></datafield><datafield tag="689" ind1="0" ind2="2"><subfield code="A">s</subfield><subfield code="a">New York </subfield></datafield><datafield tag="689" ind1="0" ind2="3"><subfield code="A">s</subfield><subfield code="a">Social conditions </subfield></datafield><datafield tag="689" ind1="0" ind2="4"><subfield code="A">s</subfield><subfield code="a">Fiction</subfield><subfield code="5">DE-101</subfield></datafield><datafield tag="689" ind1="1" ind2="0"><subfield code="A">s</subfield><subfield code="a">New York (N.Y.) </subfield></datafield><datafield tag="689" ind1="1" ind2="1"><subfield code="A">s</subfield><subfield code="a">History </subfield></datafield><datafield tag="689" ind1="1" ind2="2"><subfield code="A">s</subfield><subfield code="a">Revolution, 1775-1783 </subfield></datafield><datafield tag="689" ind1="1" ind2="3"><subfield code="A">s</subfield><subfield code="a">Fiction</subfield><subfield code="5">DE-101</subfield></datafield><datafield tag="689" ind1="2" ind2="0"><subfield code="A">s</subfield><subfield code="a">Young adult fiction</subfield><subfield code="5">DE-101</subfield></datafield><datafield tag="700" ind1="1" ind2=" "><subfield code="0">(DE-588)12328211X</subfield><subfield code="0">(DE-Frei129)00367660</subfield><subfield code="a">Anderson, Laurie Halse</subfield><subfield code="4">aut</subfield></datafield><datafield tag="852" ind1=" " ind2=" "><subfield code="a">Frei 129</subfield><subfield code="b">PHFR</subfield><subfield code="c">HU 9800 A547 C4</subfield></datafield><datafield tag="980" ind1="0" ind2=" "><subfield code="a">00221548</subfield><subfield code="9">(PHFR)</subfield><subfield code="b">2.OG (35)</subfield><subfield code="c">HU 9800 A547 C4</subfield><subfield code="d">Standardleihe (01)</subfield><subfield code="e">Verfügbar (X)</subfield></datafield></record>