
<record><leader>04213nam a2200000uu 4500</leader><controlfield tag="001">02345417</controlfield><controlfield tag="003">DE-Frei129</controlfield><controlfield tag="005">20220811084030.0</controlfield><controlfield tag="007">tu</controlfield><controlfield tag="008">120503s2010    ||||||||||||||||||||eng||</controlfield><datafield tag="020" ind1=" " ind2=" "><subfield code="a">9780273728917</subfield><subfield code="9">9780273728917</subfield></datafield><datafield tag="035" ind1=" " ind2=" "><subfield code="a">(DE-576)1616579366</subfield></datafield><datafield tag="041" ind1=" " ind2=" "><subfield code="a">eng</subfield></datafield><datafield tag="100" ind1="1" ind2=" "><subfield code="a">Mason, John</subfield><subfield code="0">(DE-Frei129)01227009</subfield><subfield code="0">(DE-588)135996120</subfield><subfield code="4">aut</subfield></datafield><datafield tag="245" ind1="1" ind2="0"><subfield code="a">Thinking mathematically</subfield><subfield code="c">John Mason with Leone Burton and Kaye Stacey</subfield></datafield><datafield tag="250" ind1=" " ind2=" "><subfield code="a">2. ed.</subfield></datafield><datafield tag="260" ind1="3" ind2=" "><subfield code="a">Harlow ; München</subfield><subfield code="b">Pearson Education Limited</subfield><subfield code="c">2010</subfield></datafield><datafield tag="300" ind1=" " ind2=" "><subfield code="a">XVI, 248 Seiten</subfield><subfield code="b">Ill., graph. Darst.</subfield></datafield><datafield tag="500" ind1=" " ind2=" "><subfield code="a">Literaturverz. S. [241]-242</subfield></datafield><datafield tag="500" ind1=" " ind2=" "><subfield code="a">Archivierung prüfen</subfield></datafield><datafield tag="650" ind1=" " ind2="7"><subfield code="a">Problemlösen</subfield><subfield code="0">(DE-Frei129)00007026</subfield><subfield code="0">(DE-588)4076358-4</subfield><subfield code="2">gnd</subfield></datafield><datafield tag="650" ind1=" " ind2="7"><subfield code="a">Mathematik</subfield><subfield code="0">(DE-Frei129)00000979</subfield><subfield code="0">(DE-588)4037944-9</subfield><subfield code="2">gnd</subfield></datafield><datafield tag="650" ind1=" " ind2="7"><subfield code="a">Methode</subfield><subfield code="0">(DE-Frei129)00016504</subfield><subfield code="0">(DE-588)4038971-6</subfield><subfield code="2">gnd</subfield></datafield><datafield tag="650" ind1=" " ind2="7"><subfield code="a">Wissenschaftliches Denken</subfield><subfield code="0">(DE-Frei129)00092244</subfield><subfield code="0">(DE-588)4332807-6</subfield><subfield code="2">gnd</subfield></datafield><datafield tag="689" ind1="0" ind2="0"><subfield code="0">(DE-588)4076358-4</subfield><subfield code="D">s</subfield><subfield code="a">Problemlösen </subfield></datafield><datafield tag="689" ind1="0" ind2="1"><subfield code="0">(DE-588)4037944-9</subfield><subfield code="D">s</subfield><subfield code="a">Mathematik </subfield></datafield><datafield tag="689" ind1="0" ind2="2"><subfield code="0">(DE-588)4038971-6</subfield><subfield code="D">s</subfield><subfield code="a">Methode </subfield></datafield><datafield tag="689" ind1="0" ind2="3"><subfield code="0">(DE-588)4332807-6</subfield><subfield code="D">s</subfield><subfield code="a">Wissenschaftliches Denken</subfield><subfield code="5">DE-101</subfield></datafield><datafield tag="700" ind1="1" ind2=" "><subfield code="0">(DE-588)11086493X</subfield><subfield code="0">(DE-Frei129)00077785</subfield><subfield code="a">Burton, Leone</subfield><subfield code="4">aut</subfield></datafield><datafield tag="700" ind1="1" ind2=" "><subfield code="0">(DE-588)110864948</subfield><subfield code="0">(DE-Frei129)00747513</subfield><subfield code="a">Stacey, Kaye</subfield><subfield code="4">aut</subfield></datafield><datafield tag="852" ind1=" " ind2=" "><subfield code="a">Frei129</subfield><subfield code="c">Math A 400: 45</subfield></datafield><datafield tag="980" ind1="0" ind2=" "><subfield code="a">00333139</subfield><subfield code="9">(PHFR)</subfield><subfield code="b">Handbibliothek (50)</subfield><subfield code="c">Math A 400: 45</subfield><subfield code="d">Handbibliothek - nie verleihbar (54)</subfield><subfield code="e">Verfügbar (X)</subfield></datafield></record>