
<record><leader>02158nam a2200000uu 4500</leader><controlfield tag="001">02345404</controlfield><controlfield tag="003">DE-Frei129</controlfield><controlfield tag="005">20220811084030.0</controlfield><controlfield tag="007">tu</controlfield><controlfield tag="008">120502s2010    ||||||||||||||||||||ger||</controlfield><datafield tag="020" ind1=" " ind2=" "><subfield code="a">9783640589159</subfield><subfield code="9">9783640589159</subfield></datafield><datafield tag="035" ind1=" " ind2=" "><subfield code="a">(DE-576)1616552425</subfield></datafield><datafield tag="041" ind1=" " ind2=" "><subfield code="a">ger</subfield></datafield><datafield tag="044" ind1=" " ind2=" "><subfield code="c">XA-DE-BY</subfield></datafield><datafield tag="100" ind1="1" ind2=" "><subfield code="a">Bekermann, Katrin</subfield><subfield code="0">(DE-Frei129)00809322</subfield></datafield><datafield tag="245" ind1="1" ind2="0"><subfield code="a">Wie wünschen sich Mädchen und Jungen den Mathematikunterricht?</subfield><subfield code="b">Eine Untersuchung zu geschlechtstypischen Präferenzen hinsichtlich des Mathematikunterrichts an Haupt- und Realschulen</subfield><subfield code="c">Katrin Bekermann</subfield></datafield><datafield tag="260" ind1="3" ind2=" "><subfield code="a">München</subfield><subfield code="b">GRIN-Verl.</subfield><subfield code="c">2010</subfield></datafield><datafield tag="300" ind1=" " ind2=" "><subfield code="a">98 Seiten  + Anhang</subfield></datafield><datafield tag="500" ind1=" " ind2=" "><subfield code="a">Oldenburg</subfield></datafield><datafield tag="502" ind1=" " ind2=" "><subfield code="a">Oldenburg, Univ., Masterarbeit, 2009</subfield></datafield><datafield tag="852" ind1=" " ind2=" "><subfield code="a">Frei129</subfield><subfield code="c">Math N 220: 240</subfield></datafield><datafield tag="980" ind1="0" ind2=" "><subfield code="a">00333141</subfield><subfield code="9">(PHFR)</subfield><subfield code="b">Handbibliothek (50)</subfield><subfield code="c">Math N 220: 240</subfield><subfield code="d">Handbibliothek - nie verleihbar (54)</subfield><subfield code="e">Verfügbar (X)</subfield></datafield></record>