
<record><leader>01998nam a2200000uuc4500</leader><controlfield tag="001">02345398</controlfield><controlfield tag="003">DE-Frei129</controlfield><controlfield tag="005">20220811084030.0</controlfield><controlfield tag="007">tu</controlfield><controlfield tag="008">120430s2010    ||||||||||||||||||||spa||</controlfield><datafield tag="020" ind1=" " ind2=" "><subfield code="a">849778183X</subfield><subfield code="9">84-9778-183-X</subfield></datafield><datafield tag="020" ind1=" " ind2=" "><subfield code="a">9788497781831</subfield><subfield code="9">978-84-9778-183-1</subfield></datafield><datafield tag="035" ind1=" " ind2=" "><subfield code="a">(DE-576)1434322017</subfield></datafield><datafield tag="041" ind1=" " ind2=" "><subfield code="a">spa</subfield></datafield><datafield tag="245" ind1="1" ind2="0"><subfield code="a">Bien dicho!</subfield><subfield code="b">ejercicios de expresión oral</subfield><subfield code="n">Buch</subfield><subfield code="c">Raquel Pinilla; Rosana Acquaroni</subfield></datafield><datafield tag="250" ind1=" " ind2=" "><subfield code="a">3. ed.</subfield></datafield><datafield tag="260" ind1="3" ind2=" "><subfield code="a">Madrid</subfield><subfield code="b">SGEL</subfield><subfield code="c">2010</subfield></datafield><datafield tag="300" ind1=" " ind2=" "><subfield code="a">104  Seiten</subfield><subfield code="b">Ill.</subfield></datafield><datafield tag="773" ind1="0" ind2="8"><subfield code="w">(DE-Frei129)02299465</subfield><subfield code="q">13</subfield></datafield><datafield tag="852" ind1=" " ind2=" "><subfield code="a">Frei 129</subfield><subfield code="b">PHFR</subfield><subfield code="c">IM 1500 P654</subfield></datafield><datafield tag="980" ind1="0" ind2=" "><subfield code="a">00282053</subfield><subfield code="9">(PHFR)</subfield><subfield code="b">2.OG (35)</subfield><subfield code="c">IM 1500 P654</subfield><subfield code="d">Standardleihe (01)</subfield><subfield code="e">Verfügbar (X)</subfield></datafield></record>