
<record><leader>02080nam a2200000uuc4500</leader><controlfield tag="001">02345397</controlfield><controlfield tag="003">DE-Frei129</controlfield><controlfield tag="005">20220811084030.0</controlfield><controlfield tag="007">tu</controlfield><controlfield tag="008">120430s2010    ||||||||||||||||||||spa||</controlfield><datafield tag="020" ind1=" " ind2=" "><subfield code="a">8471439816</subfield><subfield code="9">84-7143-981-6</subfield></datafield><datafield tag="035" ind1=" " ind2=" "><subfield code="a">(DE-576)1434321681</subfield></datafield><datafield tag="041" ind1=" " ind2=" "><subfield code="a">spa</subfield></datafield><datafield tag="245" ind1="1" ind2="0"><subfield code="a">Escucha y aprende</subfield><subfield code="b">ejercicios de comprensión auditiva</subfield><subfield code="n">[Buch]</subfield><subfield code="c">María Rodríguez Rodríguez</subfield></datafield><datafield tag="250" ind1=" " ind2=" "><subfield code="a">Última ed.</subfield></datafield><datafield tag="260" ind1="3" ind2=" "><subfield code="a">Alcobendas-Madrid</subfield><subfield code="b">SGEL</subfield><subfield code="c">2010</subfield></datafield><datafield tag="300" ind1=" " ind2=" "><subfield code="a">128  Seiten</subfield><subfield code="b">Ill.</subfield></datafield><datafield tag="700" ind1="1" ind2=" "><subfield code="0">(DE-Frei129)00793478</subfield><subfield code="a">Rodríguez Rodríguez, María</subfield><subfield code="4">aut</subfield></datafield><datafield tag="773" ind1="0" ind2="8"><subfield code="w">(DE-Frei129)02263289</subfield><subfield code="q">[Buch]</subfield></datafield><datafield tag="852" ind1=" " ind2=" "><subfield code="a">Frei 129</subfield><subfield code="b">PHFR</subfield><subfield code="c">IM 1510 R696</subfield></datafield><datafield tag="980" ind1="0" ind2=" "><subfield code="a">00282054</subfield><subfield code="9">(PHFR)</subfield><subfield code="b">2.OG (35)</subfield><subfield code="c">IM 1510 R696</subfield><subfield code="d">Standardleihe (01)</subfield><subfield code="e">Verfügbar (X)</subfield></datafield></record>