
<record><leader>06093nam a2200000uu 4500</leader><controlfield tag="001">02345140</controlfield><controlfield tag="003">DE-Frei129</controlfield><controlfield tag="005">20220811084031.0</controlfield><controlfield tag="007">tu</controlfield><controlfield tag="008">100908s2010    ||||||||||||||||||||ger||</controlfield><datafield tag="015" ind1=" " ind2=" "><subfield code="a">12,A08</subfield></datafield><datafield tag="016" ind1="7" ind2=" "><subfield code="a">1006408568</subfield><subfield code="2">DE-101</subfield></datafield><datafield tag="020" ind1=" " ind2=" "><subfield code="a">9783034502764</subfield><subfield code="9">9783034502764</subfield><subfield code="c">kart. : EUR 26.15, sfr 40.00 (freier Pr.)</subfield></datafield><datafield tag="024" ind1="3" ind2=" "><subfield code="a">9783034502764</subfield></datafield><datafield tag="035" ind1=" " ind2=" "><subfield code="a">(DE-576)634764551</subfield></datafield><datafield tag="041" ind1=" " ind2=" "><subfield code="a">ger</subfield></datafield><datafield tag="044" ind1=" " ind2=" "><subfield code="c">XA-CH</subfield></datafield><datafield tag="245" ind1="1" ind2="0"><subfield code="a">PISA 2006 in der Schweiz</subfield><subfield code="b">die Kompetenzen der Schülerinnen und Schüler im kantonalen Vergleich</subfield><subfield code="c">Domenico Angelone ... (Hrsg.)</subfield></datafield><datafield tag="250" ind1=" " ind2=" "><subfield code="a">1. Aufl.</subfield></datafield><datafield tag="260" ind1="3" ind2=" "><subfield code="a">Oberentfelden</subfield><subfield code="b">Sauerländer Cornelsen</subfield><subfield code="c">2010</subfield></datafield><datafield tag="300" ind1=" " ind2=" "><subfield code="a">236 Seiten</subfield><subfield code="b">graph. Darst.</subfield><subfield code="c">21 cm</subfield></datafield><datafield tag="490" ind1="0" ind2=" "><subfield code="a">Pädagogik bei Sauerländer. Labor</subfield></datafield><datafield tag="500" ind1=" " ind2=" "><subfield code="a">Literaturangaben</subfield></datafield><datafield tag="500" ind1=" " ind2=" "><subfield code="a">IMD-Felder maschinell generiert (GBV)</subfield></datafield><datafield tag="630" ind1="0" ind2="7"><subfield code="a">PISA &lt;Test&gt;</subfield><subfield code="0">(DE-Frei129)02358324</subfield><subfield code="0">(DE-588)345174194</subfield><subfield code="2">gnd</subfield></datafield><datafield tag="650" ind1=" " ind2="7"><subfield code="a">Kanton</subfield><subfield code="0">(DE-Frei129)00169564</subfield><subfield code="0">(DE-588)4139533-5</subfield><subfield code="2">gnd</subfield></datafield><datafield tag="650" ind1=" " ind2="7"><subfield code="a">Vergleich</subfield><subfield code="0">(DE-Frei129)00036600</subfield><subfield code="0">(DE-588)4187713-5</subfield><subfield code="2">gnd</subfield></datafield><datafield tag="651" ind1=" " ind2="7"><subfield code="a">Schweiz</subfield><subfield code="0">(DE-Frei129)00021781</subfield><subfield code="0">(DE-588)4053881-3</subfield><subfield code="2">gnd</subfield></datafield><datafield tag="651" ind1=" " ind2="7"><subfield code="a">Test</subfield><subfield code="0">(DE-Frei129)00757448</subfield><subfield code="2">local</subfield></datafield><datafield tag="689" ind1="0" ind2="0"><subfield code="0">(DE-588)4053881-3</subfield><subfield code="D">g</subfield><subfield code="a">Schweiz </subfield></datafield><datafield tag="689" ind1="0" ind2="1"><subfield code="0">(DE-588)4139533-5</subfield><subfield code="D">s</subfield><subfield code="a">Kanton </subfield></datafield><datafield tag="689" ind1="0" ind2="2"><subfield code="0">(DE-588)345174194</subfield><subfield code="D">u</subfield><subfield code="a">PISA &lt;Test&gt; (2000) </subfield></datafield><datafield tag="689" ind1="0" ind2="3"><subfield code="A">s</subfield><subfield code="a">Test </subfield></datafield><datafield tag="689" ind1="0" ind2="4"><subfield code="0">(DE-588)4187713-5</subfield><subfield code="D">s</subfield><subfield code="a">Vergleich</subfield><subfield code="5">DE-101</subfield></datafield><datafield tag="700" ind1="1" ind2=" "><subfield code="0">(DE-Frei129)00809307</subfield><subfield code="a">Angelone, Domenico</subfield><subfield code="4">Hrsg.</subfield></datafield><datafield tag="700" ind1="1" ind2=" "><subfield code="0">(DE-Frei129)00346307</subfield><subfield code="a">Ramseier, Erich</subfield><subfield code="4">Hrsg.</subfield></datafield><datafield tag="700" ind1="1" ind2=" "><subfield code="0">(DE-Frei129)00784051</subfield><subfield code="a">Brühwiler, Christian</subfield><subfield code="4">Hrsg.</subfield></datafield><datafield tag="700" ind1="1" ind2=" "><subfield code="0">(DE-Frei129)01052857</subfield><subfield code="a">Morger, Vinzenz</subfield><subfield code="4">Hrsg.</subfield></datafield><datafield tag="700" ind1="1" ind2=" "><subfield code="0">(DE-Frei129)00097952</subfield><subfield code="a">Moser, Urs</subfield><subfield code="4">Hrsg.</subfield></datafield><datafield tag="700" ind1="1" ind2=" "><subfield code="0">(DE-Frei129)01052858</subfield><subfield code="a">Steiner, Edmund</subfield><subfield code="4">Hrsg.</subfield></datafield><datafield tag="852" ind1=" " ind2=" "><subfield code="a">Frei129</subfield><subfield code="c">Paed E 230: 55</subfield></datafield><datafield tag="856" ind1="4" ind2=" "><subfield code="8">00</subfield><subfield code="u">http://external.dandelon.com/download/attachments/dandelon/ids/CH002E25CCDFB94E64A7DC1257E27003A8ACF.pdf</subfield><subfield code="y">Inhaltsverzeichnis</subfield></datafield><datafield tag="856" ind1="4" ind2=" "><subfield code="8">01</subfield><subfield code="u">https://external.dandelon.com/download/attachments/dandelon/ids/CH002E25CCDFB94E64A7DC1257E27003A8ACF.pdf</subfield><subfield code="y">Verlagsinformation</subfield></datafield><datafield tag="980" ind1="0" ind2=" "><subfield code="a">00230269</subfield><subfield code="9">(PHFR)</subfield><subfield code="b">EG-Anbau (32)</subfield><subfield code="c">Paed E 230: 55</subfield><subfield code="d">Standardleihe (01)</subfield><subfield code="e">Verfügbar (X)</subfield></datafield></record>