
<record><leader>03687nam a2200000uu 4500</leader><controlfield tag="001">02345000</controlfield><controlfield tag="003">DE-Frei129</controlfield><controlfield tag="005">20220811084031.0</controlfield><controlfield tag="007">tu</controlfield><controlfield tag="008">120404s2010    ||||||||||||||||||||ger||</controlfield><datafield tag="020" ind1=" " ind2=" "><subfield code="a">9783499506451</subfield><subfield code="9">9783499506451</subfield></datafield><datafield tag="020" ind1=" " ind2=" "><subfield code="a">3499506459</subfield><subfield code="9">3499506459</subfield></datafield><datafield tag="035" ind1=" " ind2=" "><subfield code="a">(DE-576)896219755</subfield></datafield><datafield tag="041" ind1=" " ind2=" "><subfield code="a">ger</subfield></datafield><datafield tag="044" ind1=" " ind2=" "><subfield code="c">XA-DE</subfield></datafield><datafield tag="245" ind1="1" ind2="0"><subfield code="a">Ludwig van Beethoven</subfield><subfield code="c">dargest. von Martin Geck</subfield></datafield><datafield tag="250" ind1=" " ind2=" "><subfield code="a">Überarb. Neuausg., 6. Aufl.</subfield></datafield><datafield tag="260" ind1="3" ind2=" "><subfield code="a">Reinbek bei Hamburg</subfield><subfield code="b">Rowohlt-Taschenbuch-Verl.</subfield><subfield code="c">2010</subfield></datafield><datafield tag="300" ind1=" " ind2=" "><subfield code="a">184 Seiten</subfield><subfield code="b">Ill.</subfield></datafield><datafield tag="490" ind1="0" ind2=" "><subfield code="a">rororo </subfield><subfield code="v">50645</subfield></datafield><datafield tag="490" ind1="0" ind2=" "><subfield code="a">Rowohlts Monographien</subfield></datafield><datafield tag="500" ind1=" " ind2=" "><subfield code="a">Ludwig van Beethoven (1770-1827) steht in seiner Zeit und zugleich über ihr. Sein Werk - ein Wunder an Prägnanz, Vielfalt und Differenziertheit - wurde angeregt von der Französischen Revolution und der Weimarer Klassik. Den Zeitgenossen und Nachfahren galt sein Oeuvre als Inbegriff von Musik.</subfield></datafield><datafield tag="500" ind1=" " ind2=" "><subfield code="a">IMD-Felder maschinell generiert (GBV)</subfield></datafield><datafield tag="600" ind1="1" ind2="7"><subfield code="0">(DE-Frei129)00003743</subfield><subfield code="0">(DE-588)118508288</subfield><subfield code="a">Beethoven, Ludwig van</subfield><subfield code="2">gnd</subfield></datafield><datafield tag="655" ind1=" " ind2="7"><subfield code="a">Biographie</subfield><subfield code="0">(DE-Frei129)00000053</subfield><subfield code="2">local</subfield></datafield><datafield tag="689" ind1="0" ind2="0"><subfield code="0">(DE-588)118508288</subfield><subfield code="D">p</subfield><subfield code="a">Beethoven, Ludwig van</subfield><subfield code="5">DE-101</subfield></datafield><datafield tag="700" ind1="1" ind2=" "><subfield code="0">(DE-588)118005626</subfield><subfield code="0">(DE-Frei129)00152134</subfield><subfield code="a">Geck, Martin</subfield><subfield code="4">aut</subfield></datafield><datafield tag="852" ind1=" " ind2=" "><subfield code="a">Frei 129</subfield><subfield code="b">PHFR</subfield><subfield code="c">LP 63172 G294 (6)</subfield></datafield><datafield tag="856" ind1="4" ind2=" "><subfield code="8">00</subfield><subfield code="u">http://www.gbv.de/dms/faz-rez/FD1201710075231690.pdf</subfield><subfield code="y">Rezension</subfield></datafield><datafield tag="980" ind1="0" ind2=" "><subfield code="a">00227681</subfield><subfield code="9">(PHFR)</subfield><subfield code="b">3.OG (37)</subfield><subfield code="c">LP 63172 G294 (6)</subfield><subfield code="d">Standardleihe (01)</subfield><subfield code="e">Verfügbar (X)</subfield></datafield></record>