
<record><leader>02278nam a2200000uu 4500</leader><controlfield tag="001">02344811</controlfield><controlfield tag="003">DE-Frei129</controlfield><controlfield tag="005">20220811084031.0</controlfield><controlfield tag="007">tu</controlfield><controlfield tag="008">120321s2010    ||||||||||||||||||||ger||</controlfield><datafield tag="020" ind1=" " ind2=" "><subfield code="a">9783551777799</subfield><subfield code="9">978-3-551-77779-9</subfield></datafield><datafield tag="035" ind1=" " ind2=" "><subfield code="a">(DE-576)65502333X</subfield></datafield><datafield tag="041" ind1=" " ind2=" "><subfield code="a">ger</subfield><subfield code="h">jpn</subfield></datafield><datafield tag="245" ind1="1" ind2="0"><subfield code="a">Vertraute Fremde</subfield><subfield code="c">Jiro Taniguchi. [Aus dem Japanischen von Claudia Peter]</subfield></datafield><datafield tag="250" ind1=" " ind2=" "><subfield code="a">3. [Aufl.]</subfield></datafield><datafield tag="260" ind1="3" ind2=" "><subfield code="a">Hamburg</subfield><subfield code="b">Carlsen</subfield><subfield code="c">2010</subfield></datafield><datafield tag="300" ind1=" " ind2=" "><subfield code="a">409  Seiten</subfield><subfield code="b">überwiegend Ill.</subfield></datafield><datafield tag="490" ind1="0" ind2=" "><subfield code="a">graphic novel</subfield></datafield><datafield tag="700" ind1="1" ind2=" "><subfield code="0">(DE-588)1034070592</subfield><subfield code="0">(DE-Frei129)00784312</subfield><subfield code="a">Taniguchi, Jirō</subfield><subfield code="4">aut</subfield></datafield><datafield tag="700" ind1="1" ind2=" "><subfield code="0">(DE-588)121916596</subfield><subfield code="0">(DE-Frei129)00437117</subfield><subfield code="a">Peter, Claudia</subfield><subfield code="4">Übers.</subfield></datafield><datafield tag="852" ind1=" " ind2=" "><subfield code="a">Frei 129</subfield><subfield code="b">PHFR</subfield><subfield code="c">ED 4120 T164 (3)</subfield></datafield><datafield tag="980" ind1="0" ind2=" "><subfield code="a">00216474</subfield><subfield code="9">(PHFR)</subfield><subfield code="b">2.OG (35)</subfield><subfield code="c">ED 4120 T164 (3)</subfield><subfield code="d">Standardleihe (01)</subfield><subfield code="e">Verfügbar (X)</subfield></datafield></record>