
<record><leader>03455nam a2200000uu 4500</leader><controlfield tag="001">02344791</controlfield><controlfield tag="003">DE-Frei129</controlfield><controlfield tag="005">20220811084031.0</controlfield><controlfield tag="007">tu</controlfield><controlfield tag="008">120320s2010    ||||||||||||||||||||ger||</controlfield><datafield tag="020" ind1=" " ind2=" "><subfield code="a">3938511060</subfield><subfield code="9">3-938511-06-0</subfield></datafield><datafield tag="024" ind1="3" ind2=" "><subfield code="a">9783938511060</subfield></datafield><datafield tag="035" ind1=" " ind2=" "><subfield code="a">(DE-576)1616014466</subfield></datafield><datafield tag="041" ind1=" " ind2=" "><subfield code="a">ger</subfield></datafield><datafield tag="245" ind1="1" ind2="0"><subfield code="a">Paul Austers Stadt aus Glas</subfield><subfield code="b">nach dem Roman von Paul Auster</subfield><subfield code="c">Text: Paul Karasik und David Mazzucchelli. Zeichnungen: David Mazzucchelli</subfield></datafield><datafield tag="246" ind1="1" ind2="3"><subfield code="a">City of glass</subfield></datafield><datafield tag="246" ind1="1" ind2="9"><subfield code="a">Stadt aus Glas</subfield></datafield><datafield tag="250" ind1=" " ind2=" "><subfield code="a">2. Aufl.</subfield></datafield><datafield tag="260" ind1="3" ind2=" "><subfield code="a">Berlin</subfield><subfield code="b">Reprodukt</subfield><subfield code="c">2010</subfield></datafield><datafield tag="300" ind1=" " ind2=" "><subfield code="a">135  Seiten</subfield><subfield code="b">überwiegend Ill.</subfield></datafield><datafield tag="630" ind1="0" ind2="7"><subfield code="a">City of glass</subfield><subfield code="0">(DE-Frei129)02365529</subfield><subfield code="0">(DE-588)511932987</subfield><subfield code="2">gnd</subfield></datafield><datafield tag="655" ind1=" " ind2="7"><subfield code="a">Comic</subfield><subfield code="0">(DE-Frei129)00000194</subfield><subfield code="2">local</subfield></datafield><datafield tag="689" ind1="0" ind2="0"><subfield code="0">(DE-588)511932987</subfield><subfield code="D">u</subfield><subfield code="a">Auster, Paul &lt;1947-&gt;. City of glass (Roman : 1985) </subfield></datafield><datafield tag="689" ind1="0" ind2="1"><subfield code="A">s</subfield><subfield code="a">Comic</subfield><subfield code="5">DE-101</subfield></datafield><datafield tag="700" ind1="1" ind2=" "><subfield code="0">(DE-588)11910251X</subfield><subfield code="0">(DE-Frei129)00151229</subfield><subfield code="a">Auster, Paul</subfield><subfield code="4">oth</subfield></datafield><datafield tag="700" ind1="1" ind2=" "><subfield code="0">(DE-Frei129)00796958</subfield><subfield code="a">Karasik, Paul</subfield><subfield code="4">oth</subfield></datafield><datafield tag="700" ind1="1" ind2=" "><subfield code="0">(DE-588)1025781295</subfield><subfield code="0">(DE-Frei129)12000770</subfield><subfield code="a">Mazzucchelli, David</subfield><subfield code="4">oth</subfield></datafield><datafield tag="852" ind1=" " ind2=" "><subfield code="a">Frei 129</subfield><subfield code="b">PHFR</subfield><subfield code="c">ED 4120 A934 (2)</subfield></datafield><datafield tag="980" ind1="0" ind2=" "><subfield code="a">00216470</subfield><subfield code="9">(PHFR)</subfield><subfield code="b">2.OG (35)</subfield><subfield code="c">ED 4120 A934 (2)</subfield><subfield code="d">Standardleihe (01)</subfield><subfield code="e">Verfügbar (X)</subfield></datafield></record>