
<record><leader>02051nam a2200000uu 4500</leader><controlfield tag="001">02344748</controlfield><controlfield tag="003">DE-Frei129</controlfield><controlfield tag="005">20220811084031.0</controlfield><controlfield tag="007">tu</controlfield><controlfield tag="008">120320s2010    ||||||||||||||||||||ger||</controlfield><datafield tag="035" ind1=" " ind2=" "><subfield code="a">(DE-576)1432160834</subfield></datafield><datafield tag="041" ind1=" " ind2=" "><subfield code="a">ger</subfield></datafield><datafield tag="245" ind1="1" ind2="0"><subfield code="a">Textile (R)Evolution</subfield><subfield code="b">Im Abendkleid unterm Autohimmel</subfield><subfield code="c">Forschungskuratorium Textil. Konzeption und Text: Rose-Marie Riedl</subfield></datafield><datafield tag="260" ind1="3" ind2=" "><subfield code="a">Berlin</subfield><subfield code="b">Forschungkuratorium Textil</subfield><subfield code="c">2010</subfield></datafield><datafield tag="300" ind1=" " ind2=" "><subfield code="a">41  Seiten</subfield></datafield><datafield tag="500" ind1=" " ind2=" "><subfield code="a">IMD-Felder und 1131 maschinell ergänzt</subfield></datafield><datafield tag="700" ind1="1" ind2=" "><subfield code="0">(DE-Frei129)00805171</subfield><subfield code="a">Riedl, Rose-Marie</subfield><subfield code="4">aut</subfield></datafield><datafield tag="710" ind1="2" ind2=" "><subfield code="0">(DE-Frei129)00239876</subfield><subfield code="0">(DE-588)6077636-5</subfield><subfield code="a">Forschungskuratorium Textil (Berlin)</subfield><subfield code="4">oth</subfield></datafield><datafield tag="852" ind1=" " ind2=" "><subfield code="a">Frei 129</subfield><subfield code="b">PHFR</subfield><subfield code="c">LC 12000 R552</subfield></datafield><datafield tag="980" ind1="0" ind2=" "><subfield code="a">00228854</subfield><subfield code="9">(PHFR)</subfield><subfield code="b">3.OG (37)</subfield><subfield code="c">LC 12000 R552</subfield><subfield code="d">Standardleihe (01)</subfield><subfield code="e">Verfügbar (X)</subfield></datafield></record>