
<record><leader>01948nam a2200000uuc4500</leader><controlfield tag="001">02344733</controlfield><controlfield tag="003">DE-Frei129</controlfield><controlfield tag="005">20220811084031.0</controlfield><controlfield tag="007">tu</controlfield><controlfield tag="008">120320s2010    ||||||||||||||||||||ger||</controlfield><datafield tag="020" ind1=" " ind2=" "><subfield code="a">9783834606211</subfield><subfield code="9">9783834606211</subfield></datafield><datafield tag="035" ind1=" " ind2=" "><subfield code="a">(DE-576)1432146092</subfield></datafield><datafield tag="041" ind1=" " ind2=" "><subfield code="a">ger</subfield></datafield><datafield tag="245" ind1="1" ind2="0"><subfield code="a">Die Frühlings-Werkstatt</subfield><subfield code="n">3/4</subfield><subfield code="c">Bernadette Frechen ... (Hrsg.)</subfield></datafield><datafield tag="260" ind1="3" ind2=" "><subfield code="a">Mülheim</subfield><subfield code="b">Verlag an der Ruhr</subfield><subfield code="c">c 2010</subfield></datafield><datafield tag="300" ind1=" " ind2=" "><subfield code="a">70 Blatt</subfield></datafield><datafield tag="500" ind1=" " ind2=" "><subfield code="a">Hefter mit Kopiervorlagen mit 4 vierfarbigen Seiten</subfield></datafield><datafield tag="500" ind1=" " ind2=" "><subfield code="a">Archivierung/Langzeitarchivierung gewährleistet</subfield></datafield><datafield tag="773" ind1="0" ind2="8"><subfield code="w">(DE-Frei129)02263294</subfield><subfield code="q">3/4</subfield></datafield><datafield tag="852" ind1=" " ind2=" "><subfield code="a">Frei129</subfield><subfield code="c">Paed M 50: 82 ,3/4</subfield></datafield><datafield tag="980" ind1="0" ind2=" "><subfield code="a">00228931</subfield><subfield code="9">(PHFR)</subfield><subfield code="b">EG-Anbau (32)</subfield><subfield code="c">Paed M 50: 82 ,3/4</subfield><subfield code="d">Standardleihe (01)</subfield><subfield code="e">Verfügbar (X)</subfield></datafield></record>