
<record><leader>02286nam a2200000uuc4500</leader><controlfield tag="001">02344732</controlfield><controlfield tag="003">DE-Frei129</controlfield><controlfield tag="005">20220811084031.0</controlfield><controlfield tag="007">tu</controlfield><controlfield tag="008">120320s2010    ||||||||||||||||||||ger||</controlfield><datafield tag="015" ind1=" " ind2=" "><subfield code="a">10,A10</subfield></datafield><datafield tag="016" ind1="7" ind2=" "><subfield code="a">1000391256</subfield><subfield code="2">DE-101</subfield></datafield><datafield tag="020" ind1=" " ind2=" "><subfield code="a">9783834606204</subfield><subfield code="9">9783834606204</subfield><subfield code="c">in Mappe : EUR 19.50 (DE), EUR 20.00 (AT), sfr 34.20 (freier Pr.)</subfield></datafield><datafield tag="024" ind1="3" ind2=" "><subfield code="a">9783834606204</subfield></datafield><datafield tag="035" ind1=" " ind2=" "><subfield code="a">(DE-576)1432145266</subfield></datafield><datafield tag="041" ind1=" " ind2=" "><subfield code="a">ger</subfield></datafield><datafield tag="245" ind1="1" ind2="0"><subfield code="a">Die Frühlings-Werkstatt</subfield><subfield code="n">1/2</subfield><subfield code="c">Bernadette Frechen ... (Hrsg.)</subfield></datafield><datafield tag="260" ind1="3" ind2=" "><subfield code="a">Mülheim</subfield><subfield code="b">Verlag an der Ruhr</subfield><subfield code="c">2010</subfield></datafield><datafield tag="300" ind1=" " ind2=" "><subfield code="a">59 Blatt</subfield><subfield code="b">Ill.</subfield><subfield code="c">31 cm</subfield></datafield><datafield tag="500" ind1=" " ind2=" "><subfield code="a">Archivierung/Langzeitarchivierung gewährleistet</subfield></datafield><datafield tag="773" ind1="0" ind2="8"><subfield code="w">(DE-Frei129)02263294</subfield><subfield code="q">1/2</subfield></datafield><datafield tag="852" ind1=" " ind2=" "><subfield code="a">Frei129</subfield><subfield code="c">Paed M 50: 82 ,1/2</subfield></datafield><datafield tag="980" ind1="0" ind2=" "><subfield code="a">00228930</subfield><subfield code="9">(PHFR)</subfield><subfield code="b">EG-Anbau (32)</subfield><subfield code="c">Paed M 50: 82 ,1/2</subfield><subfield code="d">Standardleihe (01)</subfield><subfield code="e">Verfügbar (X)</subfield></datafield></record>