
<record><leader>08025nam a2200000uu 4500</leader><controlfield tag="001">02344629</controlfield><controlfield tag="003">DE-Frei129</controlfield><controlfield tag="005">20220811084031.0</controlfield><controlfield tag="007">tu</controlfield><controlfield tag="008">120313s2010    ||||||||||||||||||||eng||</controlfield><datafield tag="020" ind1=" " ind2=" "><subfield code="a">9780545132053</subfield><subfield code="9">978-0-545-13205-3</subfield><subfield code="c">hardcover : alk. paper</subfield></datafield><datafield tag="020" ind1=" " ind2=" "><subfield code="a">0545132053</subfield><subfield code="9">0-545-13205-3</subfield><subfield code="c">hardcover : alk. paper</subfield></datafield><datafield tag="020" ind1=" " ind2=" "><subfield code="a">9780545132060</subfield><subfield code="9">978-0-545-13206-0</subfield><subfield code="c">pbk. : alk. paper</subfield></datafield><datafield tag="020" ind1=" " ind2=" "><subfield code="a">0545132061</subfield><subfield code="9">0-545-13206-1</subfield><subfield code="c">pbk. : alk. paper</subfield></datafield><datafield tag="035" ind1=" " ind2=" "><subfield code="a">(DE-576)812893387</subfield></datafield><datafield tag="041" ind1=" " ind2=" "><subfield code="a">eng</subfield></datafield><datafield tag="044" ind1=" " ind2=" "><subfield code="c">XD-US</subfield></datafield><datafield tag="245" ind1="1" ind2="0"><subfield code="a">Smile</subfield><subfield code="c">Raina Telgemeier</subfield></datafield><datafield tag="250" ind1=" " ind2=" "><subfield code="a">1st ed.</subfield></datafield><datafield tag="260" ind1="3" ind2=" "><subfield code="a">New York</subfield><subfield code="b">Graphix</subfield><subfield code="c">2010</subfield></datafield><datafield tag="300" ind1=" " ind2=" "><subfield code="a">213  Seiten</subfield><subfield code="b">überw. Ill.</subfield></datafield><datafield tag="520" ind1=" " ind2=" "><subfield code="a">From sixth grade through ninth, Raina copes with various dental problems, including braces, while wishing to be noticed by the right boy, enduring teasing from her friends, and finally realizing that life is about more than just how she looks</subfield></datafield><datafield tag="650" ind1=" " ind2="7"><subfield code="a">Graphic novels</subfield><subfield code="0">(DE-Frei129)00347037</subfield><subfield code="2">local</subfield></datafield><datafield tag="650" ind1=" " ind2="7"><subfield code="a">Dental care</subfield><subfield code="0">(DE-Frei129)00282369</subfield><subfield code="2">local</subfield></datafield><datafield tag="650" ind1=" " ind2="7"><subfield code="a">Fiction</subfield><subfield code="0">(DE-Frei129)00238008</subfield><subfield code="2">local</subfield></datafield><datafield tag="650" ind1=" " ind2="7"><subfield code="a">Orthodontics</subfield><subfield code="0">(DE-Frei129)00756006</subfield><subfield code="2">local</subfield></datafield><datafield tag="650" ind1=" " ind2="7"><subfield code="a">Beauty, Personal</subfield><subfield code="0">(DE-Frei129)00433600</subfield><subfield code="2">local</subfield></datafield><datafield tag="650" ind1=" " ind2="7"><subfield code="a">Self-esteem</subfield><subfield code="0">(DE-Frei129)00436353</subfield><subfield code="2">local</subfield></datafield><datafield tag="650" ind1=" " ind2="7"><subfield code="a">Schools</subfield><subfield code="0">(DE-Frei129)00241138</subfield><subfield code="2">local</subfield></datafield><datafield tag="650" ind1=" " ind2="7"><subfield code="a">Mädchen</subfield><subfield code="x">Motiv</subfield><subfield code="0">(DE-Frei129)00083229</subfield><subfield code="0">(DE-588)4249742-5</subfield><subfield code="2">gnd</subfield></datafield><datafield tag="650" ind1=" " ind2="7"><subfield code="a">Zahnärztliche Behandlung</subfield><subfield code="0">(DE-Frei129)00070915</subfield><subfield code="0">(DE-588)4190487-4</subfield><subfield code="2">gnd</subfield></datafield><datafield tag="650" ind1=" " ind2="7"><subfield code="a">Zahnspange</subfield><subfield code="0">(DE-Frei129)00098055</subfield><subfield code="0">(DE-588)4405484-1</subfield><subfield code="2">gnd</subfield></datafield><datafield tag="650" ind1=" " ind2="7"><subfield code="a">Selbstwertgefühl</subfield><subfield code="0">(DE-Frei129)00067255</subfield><subfield code="0">(DE-588)4180864-2</subfield><subfield code="2">gnd</subfield></datafield><datafield tag="650" ind1=" " ind2="7"><subfield code="a">Comic</subfield><subfield code="0">(DE-Frei129)00075075</subfield><subfield code="0">(DE-588)4010427-8</subfield><subfield code="2">gnd</subfield></datafield><datafield tag="651" ind1=" " ind2="7"><subfield code="a">Motiv</subfield><subfield code="0">(DE-Frei129)00757372</subfield><subfield code="2">local</subfield></datafield><datafield tag="689" ind1="0" ind2="0"><subfield code="A">s</subfield><subfield code="a">Graphic novels</subfield><subfield code="5">DE-101</subfield></datafield><datafield tag="689" ind1="1" ind2="0"><subfield code="A">s</subfield><subfield code="a">Dental care </subfield></datafield><datafield tag="689" ind1="1" ind2="1"><subfield code="A">s</subfield><subfield code="a">Fiction</subfield><subfield code="5">DE-101</subfield></datafield><datafield tag="689" ind1="2" ind2="0"><subfield code="A">s</subfield><subfield code="a">Orthodontics </subfield></datafield><datafield tag="689" ind1="2" ind2="1"><subfield code="A">s</subfield><subfield code="a">Fiction</subfield><subfield code="5">DE-101</subfield></datafield><datafield tag="689" ind1="3" ind2="0"><subfield code="A">s</subfield><subfield code="a">Beauty, Personal </subfield></datafield><datafield tag="689" ind1="3" ind2="1"><subfield code="A">s</subfield><subfield code="a">Fiction</subfield><subfield code="5">DE-101</subfield></datafield><datafield tag="689" ind1="4" ind2="0"><subfield code="A">s</subfield><subfield code="a">Self-esteem </subfield></datafield><datafield tag="689" ind1="4" ind2="1"><subfield code="A">s</subfield><subfield code="a">Fiction</subfield><subfield code="5">DE-101</subfield></datafield><datafield tag="689" ind1="5" ind2="0"><subfield code="A">s</subfield><subfield code="a">Schools </subfield></datafield><datafield tag="689" ind1="5" ind2="1"><subfield code="A">s</subfield><subfield code="a">Fiction</subfield><subfield code="5">DE-101</subfield></datafield><datafield tag="689" ind1="6" ind2="0"><subfield code="0">(DE-588)4249742-5</subfield><subfield code="D">s</subfield><subfield code="a">Mädchen / Motiv </subfield></datafield><datafield tag="689" ind1="6" ind2="1"><subfield code="A">s</subfield><subfield code="a">Motiv </subfield></datafield><datafield tag="689" ind1="6" ind2="2"><subfield code="0">(DE-588)4190487-4</subfield><subfield code="D">s</subfield><subfield code="a">Zahnärztliche Behandlung </subfield></datafield><datafield tag="689" ind1="6" ind2="3"><subfield code="0">(DE-588)4405484-1</subfield><subfield code="D">s</subfield><subfield code="a">Zahnspange </subfield></datafield><datafield tag="689" ind1="6" ind2="4"><subfield code="0">(DE-588)4180864-2</subfield><subfield code="D">s</subfield><subfield code="a">Selbstwertgefühl </subfield></datafield><datafield tag="689" ind1="6" ind2="5"><subfield code="0">(DE-588)4010427-8</subfield><subfield code="D">s</subfield><subfield code="a">Comic</subfield><subfield code="5">DE-101</subfield></datafield><datafield tag="700" ind1="1" ind2=" "><subfield code="0">(DE-588)1042266484</subfield><subfield code="0">(DE-Frei129)00908232</subfield><subfield code="a">Telgemeier, Raina</subfield><subfield code="4">aut</subfield></datafield><datafield tag="852" ind1=" " ind2=" "><subfield code="a">Frei 129</subfield><subfield code="b">PHFR</subfield><subfield code="c">ED 4120 T271</subfield></datafield><datafield tag="980" ind1="0" ind2=" "><subfield code="a">00216449</subfield><subfield code="9">(PHFR)</subfield><subfield code="b">2.OG (35)</subfield><subfield code="c">ED 4120 T271</subfield><subfield code="d">Standardleihe (01)</subfield><subfield code="e">Verfügbar (X)</subfield></datafield></record>