
<record><leader>03072nam a2200000uu 4500</leader><controlfield tag="001">02344593</controlfield><controlfield tag="003">DE-Frei129</controlfield><controlfield tag="005">20220811084031.0</controlfield><controlfield tag="007">tu</controlfield><controlfield tag="008">120312s2010    ||||||||||||||||||||eng||</controlfield><datafield tag="020" ind1=" " ind2=" "><subfield code="a">9781845354145</subfield><subfield code="9">978-1-8453-5414-5</subfield></datafield><datafield tag="020" ind1=" " ind2=" "><subfield code="a">1845354141</subfield><subfield code="9">1-8453-5414-1</subfield></datafield><datafield tag="035" ind1=" " ind2=" "><subfield code="a">(DE-576)1615855440</subfield></datafield><datafield tag="041" ind1=" " ind2=" "><subfield code="a">eng</subfield></datafield><datafield tag="044" ind1=" " ind2=" "><subfield code="c">XA-GB</subfield></datafield><datafield tag="245" ind1="1" ind2="4"><subfield code="a">The beano book 2011</subfield></datafield><datafield tag="246" ind1="1" ind2="0"><subfield code="a">Beano annual</subfield></datafield><datafield tag="260" ind1="3" ind2=" "><subfield code="a">London</subfield><subfield code="b">D.C. Thomson</subfield><subfield code="c">c2010</subfield></datafield><datafield tag="300" ind1=" " ind2=" "><subfield code="a">ca. [100  Seiten ]</subfield><subfield code="b">überw. Ill.</subfield><subfield code="c">28 cm</subfield></datafield><datafield tag="500" ind1=" " ind2=" "><subfield code="a">The Beano is a British children&apos;s comic magazine which was first issued on 26 July 1938</subfield></datafield><datafield tag="650" ind1=" " ind2="7"><subfield code="a">Comic books, strips, etc., Children&apos;s</subfield><subfield code="0">(DE-Frei129)00755996</subfield><subfield code="2">local</subfield></datafield><datafield tag="650" ind1=" " ind2="7"><subfield code="a">Great Britain</subfield><subfield code="0">(DE-Frei129)00236015</subfield><subfield code="2">local</subfield></datafield><datafield tag="689" ind1="0" ind2="0"><subfield code="A">s</subfield><subfield code="a">Comic books, strips, etc., Children&apos;s </subfield></datafield><datafield tag="689" ind1="0" ind2="1"><subfield code="A">s</subfield><subfield code="a">Great Britain</subfield><subfield code="5">DE-101</subfield></datafield><datafield tag="852" ind1=" " ind2=" "><subfield code="a">Frei 129</subfield><subfield code="b">PHFR</subfield><subfield code="c">ED 4120 T374</subfield></datafield><datafield tag="980" ind1="0" ind2=" "><subfield code="a">00216436</subfield><subfield code="9">(PHFR)</subfield><subfield code="b">2.OG (35)</subfield><subfield code="c">ED 4120 T374</subfield><subfield code="d">Standardleihe (01)</subfield><subfield code="e">Verfügbar (X)</subfield></datafield><datafield tag="980" ind1="0" ind2=" "><subfield code="a">00333222</subfield><subfield code="9">(PHFR)</subfield><subfield code="b">Handbibliothek (50)</subfield><subfield code="c">Fre N 210: 30</subfield><subfield code="d">Handbibliothek - nie verleihbar (54)</subfield><subfield code="e">Verfügbar (X)</subfield></datafield></record>