
<record><leader>03036nam a2200000uu 4500</leader><controlfield tag="001">02344447</controlfield><controlfield tag="003">DE-Frei129</controlfield><controlfield tag="005">20220811084031.0</controlfield><controlfield tag="007">tu</controlfield><controlfield tag="008">120302s2010    ||||||||||||||||||||fre||</controlfield><datafield tag="020" ind1=" " ind2=" "><subfield code="a">9782090353716</subfield><subfield code="9">9782090353716</subfield></datafield><datafield tag="035" ind1=" " ind2=" "><subfield code="a">(DE-576)1615669175</subfield></datafield><datafield tag="041" ind1=" " ind2=" "><subfield code="a">fre</subfield></datafield><datafield tag="245" ind1="1" ind2="3"><subfield code="a">Le vocabulaire en classe de langue</subfield><subfield code="c">Cristelle Cavalla... Dir. d&apos;ouvrage Dominique Abry</subfield></datafield><datafield tag="250" ind1=" " ind2=" "><subfield code="a">[Nachdr.]</subfield></datafield><datafield tag="260" ind1="3" ind2=" "><subfield code="a">Paris</subfield><subfield code="b">CLE International</subfield><subfield code="c">2010 [Reprint] = 2009</subfield></datafield><datafield tag="300" ind1=" " ind2=" "><subfield code="a">224  Seiten</subfield><subfield code="b">Ill.</subfield></datafield><datafield tag="490" ind1="0" ind2=" "><subfield code="a">Techniques et pratiques de classe</subfield></datafield><datafield tag="650" ind1=" " ind2="7"><subfield code="a">Französischunterricht</subfield><subfield code="0">(DE-Frei129)00008578</subfield><subfield code="0">(DE-588)4018198-4</subfield><subfield code="2">gnd</subfield></datafield><datafield tag="650" ind1=" " ind2="7"><subfield code="a">Vokabellernen</subfield><subfield code="0">(DE-Frei129)00070136</subfield><subfield code="0">(DE-588)4188502-8</subfield><subfield code="2">gnd</subfield></datafield><datafield tag="689" ind1="0" ind2="0"><subfield code="0">(DE-588)4018198-4</subfield><subfield code="D">s</subfield><subfield code="a">Französischunterricht </subfield></datafield><datafield tag="689" ind1="0" ind2="1"><subfield code="0">(DE-588)4188502-8</subfield><subfield code="D">s</subfield><subfield code="a">Vokabellernen</subfield><subfield code="5">DE-101</subfield></datafield><datafield tag="700" ind1="1" ind2=" "><subfield code="0">(DE-Frei129)00157947</subfield><subfield code="a">Cavalla, Cristelle</subfield><subfield code="4">oth</subfield></datafield><datafield tag="700" ind1="1" ind2=" "><subfield code="0">(DE-Frei129)00072688</subfield><subfield code="a">Abry, Dominique</subfield><subfield code="4">Hrsg.</subfield></datafield><datafield tag="852" ind1=" " ind2=" "><subfield code="a">Frei 129</subfield><subfield code="b">PHFR</subfield><subfield code="c">ID 1553 C377</subfield></datafield><datafield tag="980" ind1="0" ind2=" "><subfield code="a">00282263</subfield><subfield code="9">(PHFR)</subfield><subfield code="b">2.OG (35)</subfield><subfield code="c">ID 1553 C377</subfield><subfield code="d">Standardleihe (01)</subfield><subfield code="e">Verfügbar (X)</subfield></datafield></record>