
<record><leader>02089nam a2200000uuc4500</leader><controlfield tag="001">02344112</controlfield><controlfield tag="003">DE-Frei129</controlfield><controlfield tag="005">20220811084031.0</controlfield><controlfield tag="007">tu</controlfield><controlfield tag="008">120227s2010    ||||||||||||||||||||eng||</controlfield><datafield tag="020" ind1=" " ind2=" "><subfield code="a">9783037133347</subfield><subfield code="9">9783037133347</subfield></datafield><datafield tag="035" ind1=" " ind2=" "><subfield code="a">(DE-576)1429774495</subfield></datafield><datafield tag="041" ind1=" " ind2=" "><subfield code="a">eng</subfield></datafield><datafield tag="044" ind1=" " ind2=" "><subfield code="c">XA-CH</subfield></datafield><datafield tag="245" ind1="1" ind2="0"><subfield code="a">Voices</subfield><subfield code="b">English for secondary schools</subfield><subfield code="n">Topic file A, 1</subfield><subfield code="p">Music styles and their roots</subfield><subfield code="c">Inhaltliche Projektleitung: Ruth Keller-Bolliger</subfield></datafield><datafield tag="250" ind1=" " ind2=" "><subfield code="a">2., korr. Aufl.</subfield></datafield><datafield tag="260" ind1="3" ind2=" "><subfield code="a">Zürich</subfield><subfield code="b">Lehrmittelverlag des Kantons Zürich</subfield><subfield code="c">2010</subfield></datafield><datafield tag="300" ind1=" " ind2=" "><subfield code="a">35 Seiten</subfield></datafield><datafield tag="773" ind1="0" ind2="8"><subfield code="w">(DE-Frei129)02343179</subfield><subfield code="q">TOPIC FILE A11</subfield></datafield><datafield tag="852" ind1=" " ind2=" "><subfield code="a">Frei 129</subfield><subfield code="b">PHFR</subfield><subfield code="c">HD 220 II V889 L2 -1(2)</subfield></datafield><datafield tag="980" ind1="0" ind2=" "><subfield code="a">00282353</subfield><subfield code="9">(PHFR)</subfield><subfield code="b">Handbibliothek (50)</subfield><subfield code="c">Fre O 130: 9 TFA,1</subfield><subfield code="d">Handbibliothek - nie verleihbar (54)</subfield><subfield code="e">Verfügbar (X)</subfield></datafield></record>