
<record><leader>02422nam a2200000uuc4500</leader><controlfield tag="001">02344057</controlfield><controlfield tag="003">DE-Frei129</controlfield><controlfield tag="005">20220811084031.0</controlfield><controlfield tag="007">tu</controlfield><controlfield tag="008">120223s2010    ||||||||||||||||||||eng||</controlfield><datafield tag="020" ind1=" " ind2=" "><subfield code="a">9783037134283</subfield><subfield code="9">9783037134283</subfield></datafield><datafield tag="035" ind1=" " ind2=" "><subfield code="a">(DE-576)1429539089</subfield></datafield><datafield tag="041" ind1=" " ind2=" "><subfield code="a">eng</subfield></datafield><datafield tag="044" ind1=" " ind2=" "><subfield code="c">XA-CH</subfield></datafield><datafield tag="245" ind1="1" ind2="0"><subfield code="a">Voices</subfield><subfield code="b">English for secondary schools</subfield><subfield code="n">Teacher&apos;s pack, 2</subfield><subfield code="c">Inhaltliche Projektleitung: Ruth Keller-Bolliger</subfield></datafield><datafield tag="250" ind1=" " ind2=" "><subfield code="a">1. Aufl.</subfield></datafield><datafield tag="260" ind1="3" ind2=" "><subfield code="a">Zürich</subfield><subfield code="b">Lehrmittelverlag des Kantons Zürich</subfield><subfield code="c">2010</subfield></datafield><datafield tag="300" ind1=" " ind2=" "><subfield code="a">[151, 113, 73, 61 Seiten ]</subfield><subfield code="e">1 CD-ROM</subfield></datafield><datafield tag="773" ind1="0" ind2="8"><subfield code="w">(DE-Frei129)02343179</subfield><subfield code="q">TEACHER&apos;S PACK12</subfield></datafield><datafield tag="852" ind1=" " ind2=" "><subfield code="a">Frei 129</subfield><subfield code="b">PHFR</subfield><subfield code="c">HD 220 II V889 L -2</subfield></datafield><datafield tag="980" ind1="0" ind2=" "><subfield code="a">00282373</subfield><subfield code="9">(PHFR)</subfield><subfield code="b">Handbibliothek (50)</subfield><subfield code="c">Fre O 130: 9 L,2</subfield><subfield code="d">Handbibliothek - nie verleihbar (54)</subfield><subfield code="e">Verfügbar (X)</subfield></datafield><datafield tag="980" ind1="0" ind2=" "><subfield code="a">00282374</subfield><subfield code="9">(PHFR)</subfield><subfield code="b">Handbibliothek (50)</subfield><subfield code="c">Fre O 130: 9 L,2 CROM</subfield><subfield code="d">Handbibliothek - nie verleihbar (54)</subfield><subfield code="e">Verfügbar (X)</subfield></datafield></record>