
<record><leader>03871nam a2200000uu 4500</leader><controlfield tag="001">02343911</controlfield><controlfield tag="003">DE-Frei129</controlfield><controlfield tag="005">20220811084031.0</controlfield><controlfield tag="007">tu</controlfield><controlfield tag="008">090721s2010    ||||||||||||||||||||eng||</controlfield><datafield tag="020" ind1=" " ind2=" "><subfield code="a">9781565126800</subfield><subfield code="9">9781565126800</subfield><subfield code="c">hbk</subfield></datafield><datafield tag="035" ind1=" " ind2=" "><subfield code="a">(DE-576)605126054</subfield></datafield><datafield tag="041" ind1=" " ind2=" "><subfield code="a">eng</subfield></datafield><datafield tag="044" ind1=" " ind2=" "><subfield code="c">XD-US</subfield></datafield><datafield tag="245" ind1="1" ind2="4"><subfield code="a">The girl who fell from the sky</subfield><subfield code="b">a novel</subfield><subfield code="c">by Heidi W. Durrow</subfield></datafield><datafield tag="250" ind1=" " ind2=" "><subfield code="a">1. ed.</subfield></datafield><datafield tag="260" ind1="3" ind2=" "><subfield code="a">Chapel Hill, N.C.</subfield><subfield code="b">Algonquin Books of Chapel Hill</subfield><subfield code="c">2010</subfield></datafield><datafield tag="300" ind1=" " ind2=" "><subfield code="a">264 Seiten</subfield><subfield code="c">22 cm</subfield></datafield><datafield tag="500" ind1=" " ind2=" "><subfield code="a">IMD-Felder maschinell generiert (GBV)</subfield></datafield><datafield tag="520" ind1=" " ind2=" "><subfield code="a">After a family tragedy orphans her, Rachel, the daughter of a Danish mother and a black G.I., moves into her grandmother&apos;s mostly black community in the 1980s, where she must swallow her grief and confront her identity as a biracial woman in a world that wants to see her as either black or white</subfield></datafield><datafield tag="650" ind1=" " ind2="7"><subfield code="a">Racially mixed children</subfield><subfield code="0">(DE-Frei129)14315255</subfield><subfield code="2">local</subfield></datafield><datafield tag="650" ind1=" " ind2="7"><subfield code="a">Identity (Psychology)</subfield><subfield code="0">(DE-Frei129)14265470</subfield><subfield code="2">local</subfield></datafield><datafield tag="650" ind1=" " ind2="7"><subfield code="a">Intergenerational relations</subfield><subfield code="0">(DE-Frei129)00354876</subfield><subfield code="2">local</subfield></datafield><datafield tag="689" ind1="0" ind2="0"><subfield code="A">s</subfield><subfield code="a">Racially mixed children</subfield><subfield code="5">DE-101</subfield></datafield><datafield tag="689" ind1="1" ind2="0"><subfield code="A">s</subfield><subfield code="a">Identity (Psychology)</subfield><subfield code="5">DE-101</subfield></datafield><datafield tag="689" ind1="2" ind2="0"><subfield code="A">s</subfield><subfield code="a">Intergenerational relations</subfield><subfield code="5">DE-101</subfield></datafield><datafield tag="700" ind1="1" ind2=" "><subfield code="0">(DE-588)1012937844</subfield><subfield code="0">(DE-Frei129)00812532</subfield><subfield code="a">Durrow, Heidi W.</subfield><subfield code="4">aut</subfield></datafield><datafield tag="852" ind1=" " ind2=" "><subfield code="a">Frei 129</subfield><subfield code="b">PHFR</subfield><subfield code="c">HU 9800 D965</subfield></datafield><datafield tag="856" ind1="4" ind2=" "><subfield code="8">00</subfield><subfield code="u">http://catdir.loc.gov/catdir/enhancements/fy1010/2009027572-d.html</subfield><subfield code="y">Zum Online-Dokument</subfield></datafield><datafield tag="980" ind1="0" ind2=" "><subfield code="a">00227714</subfield><subfield code="9">(PHFR)</subfield><subfield code="b">2.OG (35)</subfield><subfield code="c">HU 9800 D965</subfield><subfield code="d">Standardleihe (01)</subfield><subfield code="e">Verfügbar (X)</subfield></datafield></record>