
<record><leader>03909nam a2200000uu 4500</leader><controlfield tag="001">02343852</controlfield><controlfield tag="003">DE-Frei129</controlfield><controlfield tag="005">20220811084031.0</controlfield><controlfield tag="007">tu</controlfield><controlfield tag="008">110119s2010    ||||||||||||||||||||ger||</controlfield><datafield tag="020" ind1=" " ind2=" "><subfield code="a">3518277405</subfield><subfield code="9">3518277405</subfield><subfield code="c">pbk.</subfield></datafield><datafield tag="020" ind1=" " ind2=" "><subfield code="a">9783518277409</subfield><subfield code="9">9783518277409</subfield><subfield code="c">: pbk.</subfield></datafield><datafield tag="035" ind1=" " ind2=" "><subfield code="a">(DE-576)644236264</subfield></datafield><datafield tag="041" ind1=" " ind2=" "><subfield code="a">ger</subfield><subfield code="h">eng</subfield></datafield><datafield tag="044" ind1=" " ind2=" "><subfield code="c">XA-DE</subfield></datafield><datafield tag="245" ind1="1" ind2="0"><subfield code="a">Stigma</subfield><subfield code="b">über Techniken der Bewältigung beschädigter Identität</subfield><subfield code="c">Erving Goffman. [Aus dem Amerikanischen von Frigga Haug]</subfield></datafield><datafield tag="246" ind1="1" ind2="3"><subfield code="a">Stigma : Notes on the management of spoiled identity</subfield></datafield><datafield tag="246" ind1="1" ind2="3"><subfield code="a">Stigma</subfield></datafield><datafield tag="250" ind1=" " ind2=" "><subfield code="a">1. Aufl., [20. Nachdr.]</subfield></datafield><datafield tag="260" ind1="3" ind2=" "><subfield code="a">Frankfurt am Main</subfield><subfield code="b">Suhrkamp</subfield><subfield code="c">[2010]</subfield></datafield><datafield tag="300" ind1=" " ind2=" "><subfield code="a">179 Seiten</subfield><subfield code="c">18 cm</subfield></datafield><datafield tag="490" ind1="0" ind2=" "><subfield code="a">Suhrkamp-Taschenbuch Wissenschaft </subfield><subfield code="v">140</subfield></datafield><datafield tag="500" ind1=" " ind2=" "><subfield code="a">Erste Aufl. 1975. - Original-Ausg. Englewood Cliffs, NJ: Prentice Hall, 1963</subfield></datafield><datafield tag="500" ind1=" " ind2=" "><subfield code="a">Literaturangaben</subfield></datafield><datafield tag="500" ind1=" " ind2=" "><subfield code="a">IMD-Felder maschinell generiert (GBV)</subfield></datafield><datafield tag="650" ind1=" " ind2="7"><subfield code="a">Stigmatisierung</subfield><subfield code="0">(DE-Frei129)00023245</subfield><subfield code="0">(DE-588)4057561-5</subfield><subfield code="2">gnd</subfield></datafield><datafield tag="650" ind1=" " ind2="7"><subfield code="a">Soziale Identität</subfield><subfield code="0">(DE-Frei129)00032283</subfield><subfield code="0">(DE-588)4077567-7</subfield><subfield code="2">gnd</subfield></datafield><datafield tag="689" ind1="0" ind2="0"><subfield code="0">(DE-588)4057561-5</subfield><subfield code="D">s</subfield><subfield code="a">Stigmatisierung </subfield></datafield><datafield tag="689" ind1="0" ind2="1"><subfield code="0">(DE-588)4077567-7</subfield><subfield code="D">s</subfield><subfield code="a">Soziale Identität</subfield><subfield code="5">DE-101</subfield></datafield><datafield tag="700" ind1="1" ind2=" "><subfield code="0">(DE-588)118696076</subfield><subfield code="0">(DE-Frei129)00018733</subfield><subfield code="a">Goffman, Erving</subfield><subfield code="4">aut</subfield></datafield><datafield tag="852" ind1=" " ind2=" "><subfield code="a">Frei 129</subfield><subfield code="b">PHFR</subfield><subfield code="c">CV 6500 G612</subfield></datafield><datafield tag="980" ind1="0" ind2=" "><subfield code="a">00225768</subfield><subfield code="9">(PHFR)</subfield><subfield code="b">EG-Anbau (32)</subfield><subfield code="c">Psy E 110: 16 c</subfield><subfield code="d">Standardleihe (01)</subfield><subfield code="e">Verfügbar (X)</subfield></datafield></record>