
<record><leader>08767nam a2200000uu 4500</leader><controlfield tag="001">02343756</controlfield><controlfield tag="003">DE-Frei129</controlfield><controlfield tag="005">20220811084032.0</controlfield><controlfield tag="007">tu</controlfield><controlfield tag="008">120208s2010    ||||||||||||||||||||eng||</controlfield><datafield tag="020" ind1=" " ind2=" "><subfield code="a">9781588393128</subfield><subfield code="9">978-1-58839-312-8</subfield></datafield><datafield tag="020" ind1=" " ind2=" "><subfield code="a">9781588393135</subfield><subfield code="9">978-1-58839-313-5</subfield></datafield><datafield tag="020" ind1=" " ind2=" "><subfield code="a">9780300148930</subfield><subfield code="9">978-0-300-14893-0</subfield></datafield><datafield tag="035" ind1=" " ind2=" "><subfield code="a">(DE-576)1615214186</subfield></datafield><datafield tag="041" ind1=" " ind2=" "><subfield code="a">eng</subfield></datafield><datafield tag="245" ind1="1" ind2="4"><subfield code="a">The model as muse</subfield><subfield code="b">embodying fashion; [exhibition held at the Metropolitan Museum of Art, New York, from May 6 to August 9, 2009]</subfield><subfield code="c">Harold Koda and Kohle Yohannan</subfield></datafield><datafield tag="250" ind1=" " ind2=" "><subfield code="a">3. print.</subfield></datafield><datafield tag="260" ind1="3" ind2=" "><subfield code="a">New York</subfield><subfield code="b">Metropolitan Museum of Art [u.a.]</subfield><subfield code="c">2010</subfield></datafield><datafield tag="300" ind1=" " ind2=" "><subfield code="a">223  Seiten</subfield><subfield code="b">überw. Ill.</subfield><subfield code="c">35 cm</subfield></datafield><datafield tag="500" ind1=" " ind2=" "><subfield code="a">2009</subfield></datafield><datafield tag="500" ind1=" " ind2=" "><subfield code="a">New York, NY</subfield></datafield><datafield tag="500" ind1=" " ind2=" "><subfield code="a">Published in conjunction with the exhibition held at the Metropolitan Museum of Art, New York, from May 6 to August 9, 2009. - Includes bibliographical references</subfield></datafield><datafield tag="500" ind1=" " ind2=" "><subfield code="a">IMD-Felder und 1131 maschinell ergänzt</subfield></datafield><datafield tag="648" ind1=" " ind2="7"><subfield code="a">Geschichte 1900-1999</subfield><subfield code="0">(DE-Frei129)00100036</subfield><subfield code="2">local</subfield></datafield><datafield tag="650" ind1=" " ind2="7"><subfield code="a">Models (Persons)</subfield><subfield code="0">(DE-Frei129)00487057</subfield><subfield code="2">local</subfield></datafield><datafield tag="650" ind1=" " ind2="7"><subfield code="a">History</subfield><subfield code="0">(DE-Frei129)00229518</subfield><subfield code="2">local</subfield></datafield><datafield tag="650" ind1=" " ind2="7"><subfield code="a">20th century</subfield><subfield code="0">(DE-Frei129)00230035</subfield><subfield code="2">local</subfield></datafield><datafield tag="650" ind1=" " ind2="7"><subfield code="a">Exhibitions</subfield><subfield code="0">(DE-Frei129)00237674</subfield><subfield code="2">local</subfield></datafield><datafield tag="650" ind1=" " ind2="7"><subfield code="a">Fashion</subfield><subfield code="0">(DE-Frei129)00245350</subfield><subfield code="2">local</subfield></datafield><datafield tag="650" ind1=" " ind2="7"><subfield code="a">Fashion design</subfield><subfield code="0">(DE-Frei129)00433437</subfield><subfield code="2">local</subfield></datafield><datafield tag="650" ind1=" " ind2="7"><subfield code="a">Fashion designers</subfield><subfield code="0">(DE-Frei129)00246193</subfield><subfield code="2">local</subfield></datafield><datafield tag="650" ind1=" " ind2="7"><subfield code="a">Beauty, Personal</subfield><subfield code="0">(DE-Frei129)00433600</subfield><subfield code="2">local</subfield></datafield><datafield tag="650" ind1=" " ind2="7"><subfield code="a">Modefotografie</subfield><subfield code="0">(DE-Frei129)00050649</subfield><subfield code="0">(DE-588)4137739-4</subfield><subfield code="2">gnd</subfield></datafield><datafield tag="651" ind1=" " ind2="7"><subfield code="a">New York</subfield><subfield code="g">NY, 2009</subfield><subfield code="0">(DE-Frei129)00423556</subfield><subfield code="2">local</subfield></datafield><datafield tag="655" ind1=" " ind2="7"><subfield code="a">Ausstellung</subfield><subfield code="0">(DE-Frei129)00000049</subfield><subfield code="2">local</subfield></datafield><datafield tag="689" ind1="0" ind2="0"><subfield code="A">s</subfield><subfield code="a">Models (Persons) </subfield></datafield><datafield tag="689" ind1="0" ind2="1"><subfield code="A">s</subfield><subfield code="a">History </subfield></datafield><datafield tag="689" ind1="0" ind2="2"><subfield code="A">s</subfield><subfield code="a">20th century </subfield></datafield><datafield tag="689" ind1="0" ind2="3"><subfield code="A">s</subfield><subfield code="a">Exhibitions</subfield><subfield code="5">DE-101</subfield></datafield><datafield tag="689" ind1="1" ind2="0"><subfield code="A">s</subfield><subfield code="a">Fashion </subfield></datafield><datafield tag="689" ind1="1" ind2="1"><subfield code="A">s</subfield><subfield code="a">History </subfield></datafield><datafield tag="689" ind1="1" ind2="2"><subfield code="A">s</subfield><subfield code="a">20th century </subfield></datafield><datafield tag="689" ind1="1" ind2="3"><subfield code="A">s</subfield><subfield code="a">Exhibitions</subfield><subfield code="5">DE-101</subfield></datafield><datafield tag="689" ind1="2" ind2="0"><subfield code="A">s</subfield><subfield code="a">Fashion design </subfield></datafield><datafield tag="689" ind1="2" ind2="1"><subfield code="A">s</subfield><subfield code="a">History </subfield></datafield><datafield tag="689" ind1="2" ind2="2"><subfield code="A">s</subfield><subfield code="a">20th century </subfield></datafield><datafield tag="689" ind1="2" ind2="3"><subfield code="A">s</subfield><subfield code="a">Exhibitions</subfield><subfield code="5">DE-101</subfield></datafield><datafield tag="689" ind1="3" ind2="0"><subfield code="A">s</subfield><subfield code="a">Fashion designers </subfield></datafield><datafield tag="689" ind1="3" ind2="1"><subfield code="A">s</subfield><subfield code="a">History </subfield></datafield><datafield tag="689" ind1="3" ind2="2"><subfield code="A">s</subfield><subfield code="a">20th century </subfield></datafield><datafield tag="689" ind1="3" ind2="3"><subfield code="A">s</subfield><subfield code="a">Exhibitions</subfield><subfield code="5">DE-101</subfield></datafield><datafield tag="689" ind1="4" ind2="0"><subfield code="A">s</subfield><subfield code="a">Beauty, Personal </subfield></datafield><datafield tag="689" ind1="4" ind2="1"><subfield code="A">s</subfield><subfield code="a">History </subfield></datafield><datafield tag="689" ind1="4" ind2="2"><subfield code="A">s</subfield><subfield code="a">20th century </subfield></datafield><datafield tag="689" ind1="4" ind2="3"><subfield code="A">s</subfield><subfield code="a">Exhibitions</subfield><subfield code="5">DE-101</subfield></datafield><datafield tag="689" ind1="5" ind2="0"><subfield code="0">(DE-588)4137739-4</subfield><subfield code="D">s</subfield><subfield code="a">Modefotografie </subfield></datafield><datafield tag="689" ind1="5" ind2="1"><subfield code="A">s</subfield><subfield code="a">Geschichte 1900-1999 </subfield></datafield><datafield tag="689" ind1="5" ind2="2"><subfield code="A">s</subfield><subfield code="a">Ausstellung </subfield></datafield><datafield tag="689" ind1="5" ind2="3"><subfield code="A">s</subfield><subfield code="a">New York &lt;NY, 2009&gt;</subfield><subfield code="5">DE-101</subfield></datafield><datafield tag="700" ind1="1" ind2=" "><subfield code="0">(DE-Frei129)00259761</subfield><subfield code="a">Koda, Harold</subfield><subfield code="4">oth</subfield></datafield><datafield tag="700" ind1="1" ind2=" "><subfield code="0">(DE-Frei129)00500728</subfield><subfield code="a">Yohannan, Kohle</subfield><subfield code="4">oth</subfield></datafield><datafield tag="710" ind1="2" ind2=" "><subfield code="0">(DE-Frei129)00002756</subfield><subfield code="0">(DE-588)1008914-7</subfield><subfield code="a">Metropolitan Museum of Art</subfield><subfield code="4">oth</subfield></datafield><datafield tag="852" ind1=" " ind2=" "><subfield code="a">Frei 129</subfield><subfield code="b">PHFR</subfield><subfield code="c">AP 95940 K76 (3)</subfield></datafield><datafield tag="980" ind1="0" ind2=" "><subfield code="a">00216368</subfield><subfield code="9">(PHFR)</subfield><subfield code="b">UG (33)</subfield><subfield code="c">AP 95940 K76 (3)</subfield><subfield code="d">Standardleihe (01)</subfield><subfield code="e">Verfügbar (X)</subfield></datafield></record>