
<record><leader>05166nam a2200000uu 4500</leader><controlfield tag="001">02343185</controlfield><controlfield tag="003">DE-Frei129</controlfield><controlfield tag="005">20220811084032.0</controlfield><controlfield tag="007">tu</controlfield><controlfield tag="008">120112s2010    ||||||||||||||||||||ger||</controlfield><datafield tag="020" ind1=" " ind2=" "><subfield code="a">3866327307</subfield><subfield code="9">3866327307</subfield></datafield><datafield tag="020" ind1=" " ind2=" "><subfield code="a">9783866327306</subfield><subfield code="9">9783866327306</subfield></datafield><datafield tag="035" ind1=" " ind2=" "><subfield code="a">(DE-576)1614686785</subfield></datafield><datafield tag="041" ind1=" " ind2=" "><subfield code="a">ger</subfield></datafield><datafield tag="044" ind1=" " ind2=" "><subfield code="c">XA-DE</subfield></datafield><datafield tag="100" ind1="1" ind2=" "><subfield code="a">Brandenburg, Birgit</subfield><subfield code="0">(DE-Frei129)00767797</subfield><subfield code="0">(DE-588)122564448</subfield><subfield code="4">aut</subfield></datafield><datafield tag="245" ind1="1" ind2="0"><subfield code="a">Biblische Redensarten leicht erklärt</subfield><subfield code="b">goldenes Kalb liest Goliath die Leviten; eine vielseitige ganz weltliche Lernwerkstatt über Redensarten zu zahlreichen Bibelstellen; altersübergreifend einsetzbar!</subfield><subfield code="c">Birgit Brandenburg</subfield></datafield><datafield tag="250" ind1=" " ind2=" "><subfield code="a">5. Aufl.</subfield></datafield><datafield tag="260" ind1="3" ind2=" "><subfield code="a">Kerpen</subfield><subfield code="b">Kohl-Verlag</subfield><subfield code="c">2010</subfield></datafield><datafield tag="300" ind1=" " ind2=" "><subfield code="a">52 Seiten</subfield><subfield code="b">Ill., graph. Darst.</subfield><subfield code="c">30 cm</subfield></datafield><datafield tag="630" ind1="0" ind2="7"><subfield code="a">Bibel</subfield><subfield code="0">(DE-Frei129)02358257</subfield><subfield code="0">(DE-588)106377604</subfield><subfield code="2">gnd</subfield></datafield><datafield tag="650" ind1=" " ind2="7"><subfield code="a">Deutsch</subfield><subfield code="0">(DE-Frei129)00001208</subfield><subfield code="0">(DE-588)4113292-0</subfield><subfield code="2">gnd</subfield></datafield><datafield tag="650" ind1=" " ind2="7"><subfield code="a">Phraseologie</subfield><subfield code="0">(DE-Frei129)00031513</subfield><subfield code="0">(DE-588)4076108-3</subfield><subfield code="2">gnd</subfield></datafield><datafield tag="650" ind1=" " ind2="7"><subfield code="a">Deutschunterricht</subfield><subfield code="0">(DE-Frei129)00005880</subfield><subfield code="0">(DE-588)4011975-0</subfield><subfield code="2">gnd</subfield></datafield><datafield tag="650" ind1=" " ind2="7"><subfield code="a">Lernwerkstatt</subfield><subfield code="0">(DE-Frei129)00031220</subfield><subfield code="0">(DE-588)4349380-4</subfield><subfield code="2">gnd</subfield></datafield><datafield tag="650" ind1=" " ind2="7"><subfield code="a">Fächerübergreifender Unterricht</subfield><subfield code="0">(DE-Frei129)00056407</subfield><subfield code="0">(DE-588)4153520-0</subfield><subfield code="2">gnd</subfield></datafield><datafield tag="689" ind1="0" ind2="0"><subfield code="0">(DE-588)4113292-0</subfield><subfield code="D">s</subfield><subfield code="a">Deutsch </subfield></datafield><datafield tag="689" ind1="0" ind2="1"><subfield code="0">(DE-588)4076108-3</subfield><subfield code="D">s</subfield><subfield code="a">Phraseologie </subfield></datafield><datafield tag="689" ind1="0" ind2="2"><subfield code="0">(DE-588)4011975-0</subfield><subfield code="D">s</subfield><subfield code="a">Deutschunterricht </subfield></datafield><datafield tag="689" ind1="0" ind2="3"><subfield code="0">(DE-588)4349380-4</subfield><subfield code="D">s</subfield><subfield code="a">Lernwerkstatt</subfield><subfield code="5">DE-101</subfield></datafield><datafield tag="689" ind1="1" ind2="0"><subfield code="0">(DE-588)106377604</subfield><subfield code="D">u</subfield><subfield code="a">Bibel </subfield></datafield><datafield tag="689" ind1="1" ind2="1"><subfield code="0">(DE-588)4076108-3</subfield><subfield code="D">s</subfield><subfield code="a">Phraseologie </subfield></datafield><datafield tag="689" ind1="1" ind2="2"><subfield code="0">(DE-588)4153520-0</subfield><subfield code="D">s</subfield><subfield code="a">Fächerübergreifender Unterricht </subfield></datafield><datafield tag="689" ind1="1" ind2="3"><subfield code="0">(DE-588)4349380-4</subfield><subfield code="D">s</subfield><subfield code="a">Lernwerkstatt</subfield><subfield code="5">DE-101</subfield></datafield><datafield tag="852" ind1=" " ind2=" "><subfield code="a">Frei 129</subfield><subfield code="b">PHFR</subfield><subfield code="c">BU 4150 B817 (5)</subfield></datafield><datafield tag="980" ind1="0" ind2=" "><subfield code="a">00216298</subfield><subfield code="9">(PHFR)</subfield><subfield code="b">UG (33)</subfield><subfield code="c">BU 4150 B817 (5)</subfield><subfield code="d">Standardleihe (01)</subfield><subfield code="e">Verfügbar (X)</subfield></datafield></record>