
<record><leader>02162nam a2200000uu 4500</leader><controlfield tag="001">02342970</controlfield><controlfield tag="003">DE-Frei129</controlfield><controlfield tag="005">20220811084032.0</controlfield><controlfield tag="007">tu</controlfield><controlfield tag="008">111220s2010    |||||||||m||||||||||eng||</controlfield><datafield tag="020" ind1=" " ind2=" "><subfield code="a">1243461659</subfield><subfield code="9">1243461659</subfield></datafield><datafield tag="020" ind1=" " ind2=" "><subfield code="a">9781243461650</subfield><subfield code="9">9781243461650</subfield></datafield><datafield tag="035" ind1=" " ind2=" "><subfield code="a">(DE-576)1614436517</subfield></datafield><datafield tag="041" ind1=" " ind2=" "><subfield code="a">eng</subfield></datafield><datafield tag="245" ind1="1" ind2="0"><subfield code="a">Understanding patchwriting and unintentional plagiarism by english language learners</subfield><subfield code="c">Talia Linneman</subfield></datafield><datafield tag="260" ind1="3" ind2=" "><subfield code="a">Ann Arbor, MI</subfield><subfield code="b">Proquest Umi Dissertation Publishing</subfield><subfield code="c">2010</subfield></datafield><datafield tag="300" ind1=" " ind2=" "><subfield code="a">vii, 93 Seiten</subfield></datafield><datafield tag="500" ind1=" " ind2=" "><subfield code="a">Kirksville, Mo.</subfield></datafield><datafield tag="502" ind1=" " ind2=" "><subfield code="a">Kirksville, MO, Univ., M.A., 2010</subfield></datafield><datafield tag="700" ind1="1" ind2=" "><subfield code="0">(DE-Frei129)00809194</subfield><subfield code="a">Linneman, Talia</subfield><subfield code="4">oth</subfield></datafield><datafield tag="852" ind1=" " ind2=" "><subfield code="a">Frei 129</subfield><subfield code="b">PHFR</subfield><subfield code="c">AK 39580 L758</subfield></datafield><datafield tag="980" ind1="0" ind2=" "><subfield code="a">00333363</subfield><subfield code="9">(PHFR)</subfield><subfield code="b">Handbibliothek (50)</subfield><subfield code="c">Allg E 600: 231</subfield><subfield code="d">Handbibliothek - nie verleihbar (54)</subfield><subfield code="e">Verfügbar (X)</subfield></datafield></record>