
<record><leader>03919nam a2200000uu 4500</leader><controlfield tag="001">02342955</controlfield><controlfield tag="003">DE-Frei129</controlfield><controlfield tag="005">20220811084032.0</controlfield><controlfield tag="007">tu</controlfield><controlfield tag="008">111219s2010    ||||||||||||||||||||eng||</controlfield><datafield tag="020" ind1=" " ind2=" "><subfield code="a">9780335241033</subfield><subfield code="9">9780335241033</subfield><subfield code="c">(pbk.) £18.99</subfield></datafield><datafield tag="020" ind1=" " ind2=" "><subfield code="a">0335241034</subfield><subfield code="9">0335241034</subfield><subfield code="c">(pbk.) £18.99</subfield></datafield><datafield tag="024" ind1="3" ind2=" "><subfield code="a">9780335241033</subfield></datafield><datafield tag="035" ind1=" " ind2=" "><subfield code="a">(DE-576)1614420572</subfield></datafield><datafield tag="041" ind1=" " ind2=" "><subfield code="a">eng</subfield></datafield><datafield tag="245" ind1="1" ind2="4"><subfield code="a">The complete guide to referencing and avoiding plagiarism</subfield><subfield code="c">Colin Neville</subfield></datafield><datafield tag="250" ind1=" " ind2=" "><subfield code="a">2. ed.</subfield></datafield><datafield tag="260" ind1="3" ind2=" "><subfield code="a">Maidenhead</subfield><subfield code="b">Open Univ. Press</subfield><subfield code="c">c2010</subfield></datafield><datafield tag="300" ind1=" " ind2=" "><subfield code="a">XI, 207 Seiten</subfield><subfield code="c">24 cm</subfield></datafield><datafield tag="500" ind1=" " ind2=" "><subfield code="a">Previous ed.: 2007. - Formerly CIP Uk. - Includes bibliographical references and index</subfield></datafield><datafield tag="650" ind1=" " ind2="7"><subfield code="a">Wissenschaftliches Manuskript</subfield><subfield code="0">(DE-Frei129)00006064</subfield><subfield code="0">(DE-588)4066596-3</subfield><subfield code="2">gnd</subfield></datafield><datafield tag="650" ind1=" " ind2="7"><subfield code="a">Zitat</subfield><subfield code="0">(DE-Frei129)00026934</subfield><subfield code="0">(DE-588)4067889-1</subfield><subfield code="2">gnd</subfield></datafield><datafield tag="650" ind1=" " ind2="7"><subfield code="a">Bibliographical citations</subfield><subfield code="0">(DE-Frei129)00258313</subfield><subfield code="2">local</subfield></datafield><datafield tag="650" ind1=" " ind2="7"><subfield code="a">Plagiarism</subfield><subfield code="0">(DE-Frei129)00441773</subfield><subfield code="2">local</subfield></datafield><datafield tag="689" ind1="0" ind2="0"><subfield code="0">(DE-588)4066596-3</subfield><subfield code="D">s</subfield><subfield code="a">Wissenschaftliches Manuskript </subfield></datafield><datafield tag="689" ind1="0" ind2="1"><subfield code="0">(DE-588)4067889-1</subfield><subfield code="D">s</subfield><subfield code="a">Zitat</subfield><subfield code="5">DE-101</subfield></datafield><datafield tag="689" ind1="1" ind2="0"><subfield code="A">s</subfield><subfield code="a">Bibliographical citations</subfield><subfield code="5">DE-101</subfield></datafield><datafield tag="689" ind1="2" ind2="0"><subfield code="A">s</subfield><subfield code="a">Plagiarism</subfield><subfield code="5">DE-101</subfield></datafield><datafield tag="700" ind1="1" ind2=" "><subfield code="0">(DE-Frei129)00809189</subfield><subfield code="a">Neville, Colin</subfield><subfield code="4">aut</subfield></datafield><datafield tag="852" ind1=" " ind2=" "><subfield code="a">Frei 129</subfield><subfield code="b">PHFR</subfield><subfield code="c">AK 39580 N523 (2)</subfield></datafield><datafield tag="980" ind1="0" ind2=" "><subfield code="a">00333367</subfield><subfield code="9">(PHFR)</subfield><subfield code="b">Handbibliothek (50)</subfield><subfield code="c">Allg E 600: 221</subfield><subfield code="d">Handbibliothek - nie verleihbar (54)</subfield><subfield code="e">Verfügbar (X)</subfield></datafield></record>