
<record><leader>03182nam a2200000uu 4500</leader><controlfield tag="001">02342706</controlfield><controlfield tag="003">DE-Frei129</controlfield><controlfield tag="005">20220811084032.0</controlfield><controlfield tag="007">tu</controlfield><controlfield tag="008">111209s2010    ||||||||||||||||||||eng||</controlfield><datafield tag="015" ind1=" " ind2=" "><subfield code="a">09,N03,0770</subfield></datafield><datafield tag="016" ind1="7" ind2=" "><subfield code="a">991874749</subfield><subfield code="2">DE-101</subfield></datafield><datafield tag="020" ind1=" " ind2=" "><subfield code="a">9783190094998</subfield><subfield code="9">9783190094998</subfield><subfield code="c">Kt. : sfr 9.70 (freier Pr.), EUR 5.00, EUR 5.20 (AT)</subfield></datafield><datafield tag="024" ind1="3" ind2=" "><subfield code="a">9783190094998</subfield></datafield><datafield tag="035" ind1=" " ind2=" "><subfield code="a">(DE-576)1614297835</subfield></datafield><datafield tag="041" ind1=" " ind2=" "><subfield code="a">eng</subfield><subfield code="a">ger</subfield></datafield><datafield tag="044" ind1=" " ind2=" "><subfield code="c">XA-DE-BY</subfield></datafield><datafield tag="245" ind1="1" ind2="0"><subfield code="a">Rätselspaß - Englisch ganz leicht</subfield><subfield code="b">[kunterbunte Sprachrätsel für zwischendurch]</subfield><subfield code="c">Rätsel: Reinhard Müller, Walter Wenzel. Red.: Stephanie Pfeiffer</subfield></datafield><datafield tag="250" ind1=" " ind2=" "><subfield code="a">[Nachdr.]</subfield></datafield><datafield tag="260" ind1="3" ind2=" "><subfield code="a">Ismaning</subfield><subfield code="b">Hüber</subfield><subfield code="c">2010</subfield></datafield><datafield tag="300" ind1=" " ind2=" "><subfield code="a">224 Seiten</subfield><subfield code="c">210 mm x 147 mm</subfield></datafield><datafield tag="700" ind1="1" ind2=" "><subfield code="0">(DE-Frei129)00244577</subfield><subfield code="a">Müller, Reinhard</subfield><subfield code="4">oth</subfield></datafield><datafield tag="700" ind1="1" ind2=" "><subfield code="0">(DE-Frei129)00807575</subfield><subfield code="a">Pfeiffer, Stephanie</subfield><subfield code="4">Red.</subfield></datafield><datafield tag="852" ind1=" " ind2=" "><subfield code="a">Frei 129</subfield><subfield code="b">PHFR</subfield><subfield code="c">HD 172 M947</subfield></datafield><datafield tag="856" ind1="4" ind2=" "><subfield code="8">00</subfield><subfield code="u">http://deposit.d-nb.de/cgi-bin/dokserv?id=3201979&amp;prov=M&amp;dok_var=1&amp;dok_ext=htm</subfield><subfield code="y">Inhaltstext</subfield></datafield><datafield tag="856" ind1="4" ind2=" "><subfield code="8">01</subfield><subfield code="u">http://deposit.d-nb.de/cgi-bin/dokserv?id=3201979&amp;prov=M&amp;dok_var=1&amp;dok_ext=htm</subfield><subfield code="y">Inhaltstext</subfield></datafield><datafield tag="980" ind1="0" ind2=" "><subfield code="a">00333403</subfield><subfield code="9">(PHFR)</subfield><subfield code="b">Handbibliothek (50)</subfield><subfield code="c">Fre O 730: 23</subfield><subfield code="d">Handbibliothek - nie verleihbar (54)</subfield><subfield code="e">Verfügbar (X)</subfield></datafield></record>