
<record><leader>03744nam a2200000uu 4500</leader><controlfield tag="001">02342695</controlfield><controlfield tag="003">DE-Frei129</controlfield><controlfield tag="005">20220811084032.0</controlfield><controlfield tag="007">tu</controlfield><controlfield tag="008">111209s2010    ||||||||||||||||||||ger||</controlfield><datafield tag="020" ind1=" " ind2=" "><subfield code="a">9783140412636</subfield><subfield code="9">978-3-14-041263-6</subfield></datafield><datafield tag="035" ind1=" " ind2=" "><subfield code="a">(DE-576)1614294313</subfield></datafield><datafield tag="041" ind1=" " ind2=" "><subfield code="a">ger</subfield><subfield code="a">eng</subfield></datafield><datafield tag="100" ind1="1" ind2=" "><subfield code="a">Grieser-Kindel, Christin</subfield><subfield code="0">(DE-Frei129)00156319</subfield><subfield code="4">aut</subfield></datafield><datafield tag="245" ind1="1" ind2="0"><subfield code="a">Method guide</subfield><subfield code="b">Methoden für einen kooperativen und individualisierenden Englischunterricht in den Klassen 5-12</subfield><subfield code="c">erarb. von Christin Grieser-Kindel, Roswitha Henseler, Stefan Möller</subfield></datafield><datafield tag="260" ind1="3" ind2=" "><subfield code="a">Paderborn</subfield><subfield code="b">Schöningh</subfield><subfield code="c">2010</subfield></datafield><datafield tag="300" ind1=" " ind2=" "><subfield code="a">Nachdr.</subfield><subfield code="e">1 CD-ROM (12 cm)</subfield></datafield><datafield tag="490" ind1="0" ind2=" "><subfield code="a">Schöningh Schulbuch</subfield></datafield><datafield tag="650" ind1=" " ind2="7"><subfield code="a">Englischunterricht</subfield><subfield code="0">(DE-Frei129)00006965</subfield><subfield code="0">(DE-588)4014801-4</subfield><subfield code="2">gnd</subfield></datafield><datafield tag="650" ind1=" " ind2="7"><subfield code="a">Unterrichtsmethode</subfield><subfield code="0">(DE-Frei129)00033067</subfield><subfield code="0">(DE-588)4078637-7</subfield><subfield code="2">gnd</subfield></datafield><datafield tag="650" ind1=" " ind2="7"><subfield code="a">Sekundarstufe 1</subfield><subfield code="0">(DE-Frei129)00021625</subfield><subfield code="0">(DE-588)4054365-1</subfield><subfield code="2">gnd</subfield></datafield><datafield tag="689" ind1="0" ind2="0"><subfield code="0">(DE-588)4014801-4</subfield><subfield code="D">s</subfield><subfield code="a">Englischunterricht </subfield></datafield><datafield tag="689" ind1="0" ind2="1"><subfield code="0">(DE-588)4078637-7</subfield><subfield code="D">s</subfield><subfield code="a">Unterrichtsmethode </subfield></datafield><datafield tag="689" ind1="0" ind2="2"><subfield code="0">(DE-588)4054365-1</subfield><subfield code="D">s</subfield><subfield code="a">Sekundarstufe 1</subfield><subfield code="5">DE-101</subfield></datafield><datafield tag="700" ind1="1" ind2=" "><subfield code="0">(DE-588)1012990222</subfield><subfield code="0">(DE-Frei129)00156320</subfield><subfield code="a">Henseler, Roswitha</subfield><subfield code="4">aut</subfield></datafield><datafield tag="700" ind1="1" ind2=" "><subfield code="0">(DE-Frei129)00088945</subfield><subfield code="a">Möller, Stefan</subfield><subfield code="4">aut</subfield></datafield><datafield tag="852" ind1=" " ind2=" "><subfield code="a">Frei 129</subfield><subfield code="b">PHFR</subfield><subfield code="c">HD 164 G848 M5</subfield></datafield><datafield tag="980" ind1="0" ind2=" "><subfield code="a">00282626</subfield><subfield code="9">(PHFR)</subfield><subfield code="b">Handbibliothek (50)</subfield><subfield code="c">Fre N 170: 30</subfield><subfield code="d">Handbibliothek - nie verleihbar (54)</subfield><subfield code="e">Verfügbar (X)</subfield></datafield></record>