
<record><leader>02544nam a2200000uuc4500</leader><controlfield tag="001">02342462</controlfield><controlfield tag="003">DE-Frei129</controlfield><controlfield tag="005">20220811084032.0</controlfield><controlfield tag="007">tu</controlfield><controlfield tag="008">111128s2010    ||||||||||||||||||||eng||</controlfield><datafield tag="020" ind1=" " ind2=" "><subfield code="a">1550549170</subfield><subfield code="9">1-55054-917-0</subfield></datafield><datafield tag="020" ind1=" " ind2=" "><subfield code="a">9781550549171</subfield><subfield code="9">978-1-55054-917-1</subfield></datafield><datafield tag="024" ind1="3" ind2=" "><subfield code="a">9781550549171</subfield></datafield><datafield tag="035" ind1=" " ind2=" "><subfield code="a">(DE-576)1423776453</subfield></datafield><datafield tag="041" ind1=" " ind2=" "><subfield code="a">eng</subfield></datafield><datafield tag="245" ind1="1" ind2="0"><subfield code="a">Souvenir of Canada</subfield><subfield code="n">[1]</subfield><subfield code="c">Douglas Coupland</subfield></datafield><datafield tag="250" ind1=" " ind2=" "><subfield code="a">[Nachdr.]</subfield></datafield><datafield tag="260" ind1="3" ind2=" "><subfield code="a">Vancouver</subfield><subfield code="b">Douglas &amp; McIntyre</subfield><subfield code="c">2010</subfield></datafield><datafield tag="300" ind1=" " ind2=" "><subfield code="a">143  Seiten</subfield><subfield code="b">überw. Ill.</subfield></datafield><datafield tag="700" ind1="1" ind2=" "><subfield code="0">(DE-588)119373602</subfield><subfield code="0">(DE-Frei129)00249592</subfield><subfield code="a">Coupland, Douglas</subfield><subfield code="4">aut</subfield></datafield><datafield tag="700" ind1="1" ind2=" "><subfield code="0">(DE-588)119373602</subfield><subfield code="0">(DE-Frei129)00249592</subfield><subfield code="a">Coupland, Douglas</subfield><subfield code="4">oth</subfield></datafield><datafield tag="773" ind1="0" ind2="8"><subfield code="w">(DE-Frei129)02342463</subfield><subfield code="q">11</subfield></datafield><datafield tag="852" ind1=" " ind2=" "><subfield code="a">Frei 129</subfield><subfield code="b">PHFR</subfield><subfield code="c">HD 425 C857 -1</subfield></datafield><datafield tag="980" ind1="0" ind2=" "><subfield code="a">00282702</subfield><subfield code="9">(PHFR)</subfield><subfield code="b">Handbibliothek (50)</subfield><subfield code="c">Fre D 600: 41,1</subfield><subfield code="d">Handbibliothek - nie verleihbar (54)</subfield><subfield code="e">Verfügbar (X)</subfield></datafield></record>