
<record><leader>02945nam a2200000uu 4500</leader><controlfield tag="001">02342459</controlfield><controlfield tag="003">DE-Frei129</controlfield><controlfield tag="005">20220811084032.0</controlfield><controlfield tag="007">tu</controlfield><controlfield tag="008">111128s2010    ||||||||||||||||||||eng||</controlfield><datafield tag="020" ind1=" " ind2=" "><subfield code="a">9780745930688</subfield><subfield code="9">9780745930688</subfield></datafield><datafield tag="035" ind1=" " ind2=" "><subfield code="a">(DE-576)161408775X</subfield></datafield><datafield tag="041" ind1=" " ind2=" "><subfield code="a">eng</subfield></datafield><datafield tag="100" ind1="1" ind2=" "><subfield code="a">Batchelor, Mary</subfield><subfield code="0">(DE-Frei129)00787842</subfield></datafield><datafield tag="245" ind1="1" ind2="4"><subfield code="a">The children&apos;s Bible in 365 stories</subfield><subfield code="c">Mary Batchelor ; John Haysom Herausgeber/in</subfield></datafield><datafield tag="250" ind1=" " ind2=" "><subfield code="a">2. ed., [repr.]</subfield></datafield><datafield tag="260" ind1="3" ind2=" "><subfield code="a">Oxford</subfield><subfield code="b">Lion</subfield><subfield code="c">2010 [Reprint] = 1985</subfield></datafield><datafield tag="300" ind1=" " ind2=" "><subfield code="a">416 Seiten</subfield></datafield><datafield tag="650" ind1=" " ind2="7"><subfield code="a">Bible</subfield><subfield code="0">(DE-Frei129)00238178</subfield><subfield code="2">local</subfield></datafield><datafield tag="650" ind1=" " ind2="7"><subfield code="a">Christianity</subfield><subfield code="0">(DE-Frei129)00238175</subfield><subfield code="2">local</subfield></datafield><datafield tag="650" ind1=" " ind2="7"><subfield code="a">Scriptures</subfield><subfield code="0">(DE-Frei129)00441126</subfield><subfield code="2">local</subfield></datafield><datafield tag="689" ind1="0" ind2="0"><subfield code="A">s</subfield><subfield code="a">Bible</subfield><subfield code="5">DE-101</subfield></datafield><datafield tag="689" ind1="1" ind2="0"><subfield code="A">s</subfield><subfield code="a">Christianity </subfield></datafield><datafield tag="689" ind1="1" ind2="1"><subfield code="A">s</subfield><subfield code="a">Scriptures</subfield><subfield code="5">DE-101</subfield></datafield><datafield tag="700" ind1="1" ind2=" "><subfield code="0">(DE-Frei129)00519991</subfield><subfield code="a">Haysom, John</subfield><subfield code="4">Hrsg.</subfield></datafield><datafield tag="852" ind1=" " ind2=" "><subfield code="a">Frei129</subfield><subfield code="c">Fre O 600: 18</subfield></datafield><datafield tag="980" ind1="0" ind2=" "><subfield code="a">00333422</subfield><subfield code="9">(PHFR)</subfield><subfield code="b">Handbibliothek (50)</subfield><subfield code="c">Fre O 600: 18</subfield><subfield code="d">Handbibliothek - nie verleihbar (54)</subfield><subfield code="e">Verfügbar (X)</subfield></datafield></record>