
<record><leader>02430nam a2200000uu 4500</leader><controlfield tag="001">02342451</controlfield><controlfield tag="003">DE-Frei129</controlfield><controlfield tag="005">20220811084032.0</controlfield><controlfield tag="007">tu</controlfield><controlfield tag="008">111125s2010    ||||||||||||||||||||eng||</controlfield><datafield tag="020" ind1=" " ind2=" "><subfield code="a">9780194372114</subfield><subfield code="9">9780194372114</subfield></datafield><datafield tag="035" ind1=" " ind2=" "><subfield code="a">(DE-576)1614073228</subfield></datafield><datafield tag="041" ind1=" " ind2=" "><subfield code="a">eng</subfield></datafield><datafield tag="245" ind1="1" ind2="0"><subfield code="a">Sociolinguistics</subfield><subfield code="c">Bernard Spolsky</subfield></datafield><datafield tag="250" ind1=" " ind2=" "><subfield code="a">[Nachdr.]</subfield></datafield><datafield tag="260" ind1="3" ind2=" "><subfield code="a">Oxford [u.a.]</subfield><subfield code="b">Oxford Univ. Press</subfield><subfield code="c">2010</subfield></datafield><datafield tag="300" ind1=" " ind2=" "><subfield code="a">XIII, 128  Seiten</subfield></datafield><datafield tag="490" ind1="0" ind2=" "><subfield code="a">Oxford introductions to language study</subfield></datafield><datafield tag="650" ind1=" " ind2="7"><subfield code="a">Soziolinguistik</subfield><subfield code="0">(DE-Frei129)00032360</subfield><subfield code="0">(DE-588)4077623-2</subfield><subfield code="2">gnd</subfield></datafield><datafield tag="689" ind1="0" ind2="0"><subfield code="0">(DE-588)4077623-2</subfield><subfield code="D">s</subfield><subfield code="a">Soziolinguistik</subfield><subfield code="5">DE-101</subfield></datafield><datafield tag="700" ind1="1" ind2=" "><subfield code="0">(DE-588)132909030</subfield><subfield code="0">(DE-Frei129)00053001</subfield><subfield code="a">Spolsky, Bernard</subfield><subfield code="4">aut</subfield></datafield><datafield tag="852" ind1=" " ind2=" "><subfield code="a">Frei 129</subfield><subfield code="b">PHFR</subfield><subfield code="c">ES 100 S762</subfield></datafield><datafield tag="980" ind1="0" ind2=" "><subfield code="a">00282708</subfield><subfield code="9">(PHFR)</subfield><subfield code="b">Handbibliothek (50)</subfield><subfield code="c">Spra B 200: 255</subfield><subfield code="d">Handbibliothek - nie verleihbar (54)</subfield><subfield code="e">Verfügbar (X)</subfield></datafield></record>