
<record><leader>02788nam a2200000uu 4500</leader><controlfield tag="001">02342310</controlfield><controlfield tag="003">DE-Frei129</controlfield><controlfield tag="005">20220811084032.0</controlfield><controlfield tag="007">tu</controlfield><controlfield tag="008">111117s2010    ||||||||||||||||||||ger||</controlfield><datafield tag="020" ind1=" " ind2=" "><subfield code="a">9783423308717</subfield><subfield code="9">9783423308717</subfield></datafield><datafield tag="035" ind1=" " ind2=" "><subfield code="a">(DE-576)1613897081</subfield></datafield><datafield tag="041" ind1=" " ind2=" "><subfield code="a">ger</subfield></datafield><datafield tag="100" ind1="1" ind2=" "><subfield code="a">Hanuschek, Sven</subfield><subfield code="0">(DE-Frei129)00103580</subfield><subfield code="0">(DE-588)120861917</subfield></datafield><datafield tag="245" ind1="1" ind2="0"><subfield code="a">&quot;Keiner blickt dir hinter das Gesicht&quot;</subfield><subfield code="b">das Leben Erich Kästners</subfield><subfield code="c">Sven Hanuschek</subfield></datafield><datafield tag="250" ind1=" " ind2=" "><subfield code="a">2. Aufl.</subfield></datafield><datafield tag="260" ind1="3" ind2=" "><subfield code="a">München</subfield><subfield code="b">Dt. Taschenbuch-Verl.</subfield><subfield code="c">2010</subfield></datafield><datafield tag="300" ind1=" " ind2=" "><subfield code="a">491Seiten</subfield><subfield code="b">Ill.</subfield></datafield><datafield tag="490" ind1="0" ind2=" "><subfield code="a">dtv </subfield><subfield code="v">30871</subfield></datafield><datafield tag="600" ind1="1" ind2="7"><subfield code="0">(DE-Frei129)00027194</subfield><subfield code="0">(DE-588)118559206</subfield><subfield code="a">Kästner, Erich</subfield><subfield code="2">gnd</subfield></datafield><datafield tag="689" ind1="0" ind2="0"><subfield code="0">(DE-588)118559206</subfield><subfield code="D">p</subfield><subfield code="a">Kästner, Erich</subfield><subfield code="5">DE-101</subfield></datafield><datafield tag="852" ind1=" " ind2=" "><subfield code="a">Frei 129</subfield><subfield code="b">PHFR</subfield><subfield code="c">GM 3998 H251 (2)</subfield></datafield><datafield tag="980" ind1="0" ind2=" "><subfield code="a">00236933</subfield><subfield code="9">(PHFR)</subfield><subfield code="b">2.OG (35)</subfield><subfield code="c">GM 3998 H251 (2)</subfield><subfield code="d">Standardleihe (01)</subfield><subfield code="e">Verfügbar (X)</subfield></datafield><datafield tag="980" ind1="0" ind2=" "><subfield code="a">00236934</subfield><subfield code="9">(PHFR)</subfield><subfield code="b">2.OG (35)</subfield><subfield code="c">GM 3998 H251 (2)+1</subfield><subfield code="d">Standardleihe (01)</subfield><subfield code="e">Verfügbar (X)</subfield></datafield></record>