
<record><leader>03780nam a2200000uu 4500</leader><controlfield tag="001">02342237</controlfield><controlfield tag="003">DE-Frei129</controlfield><controlfield tag="005">20220811084032.0</controlfield><controlfield tag="007">tu</controlfield><controlfield tag="008">111114s2010    ||||||||||||||||||||ger||</controlfield><datafield tag="020" ind1=" " ind2=" "><subfield code="a">9783788615093</subfield><subfield code="9">978-3-7886-1509-3</subfield></datafield><datafield tag="035" ind1=" " ind2=" "><subfield code="a">(DE-576)161383442X</subfield></datafield><datafield tag="041" ind1=" " ind2=" "><subfield code="a">ger</subfield></datafield><datafield tag="044" ind1=" " ind2=" "><subfield code="c">XA-DE-BY</subfield></datafield><datafield tag="245" ind1="1" ind2="0"><subfield code="a">Bionik</subfield><subfield code="c">von Martin Zeuch. Ill von Eberhard Reimann</subfield></datafield><datafield tag="250" ind1=" " ind2=" "><subfield code="a">[Nachdr.]</subfield></datafield><datafield tag="260" ind1="3" ind2=" "><subfield code="a">Nürnberg</subfield><subfield code="b">Tessloff</subfield><subfield code="c">2010</subfield></datafield><datafield tag="300" ind1=" " ind2=" "><subfield code="a">48  Seiten</subfield><subfield code="b">zahlr. Ill., graph. Darst.</subfield><subfield code="c">280 mm x 210 mm, 424 gr.</subfield></datafield><datafield tag="490" ind1="1" ind2=" "><subfield code="a">Was ist Was</subfield><subfield code="v">122</subfield></datafield><datafield tag="650" ind1=" " ind2="7"><subfield code="a">Bionik</subfield><subfield code="0">(DE-Frei129)00004067</subfield><subfield code="0">(DE-588)4006888-2</subfield><subfield code="2">gnd</subfield></datafield><datafield tag="655" ind1=" " ind2="7"><subfield code="a">Kindersachbuch</subfield><subfield code="0">(DE-Frei129)00000470</subfield><subfield code="2">local</subfield></datafield><datafield tag="655" ind1=" " ind2="7"><subfield code="a">Kinderbuch</subfield><subfield code="0">(DE-Frei129)00000374</subfield><subfield code="2">local</subfield></datafield><datafield tag="689" ind1="0" ind2="0"><subfield code="0">(DE-588)4006888-2</subfield><subfield code="D">s</subfield><subfield code="a">Bionik </subfield></datafield><datafield tag="689" ind1="0" ind2="1"><subfield code="A">s</subfield><subfield code="a">Kindersachbuch</subfield><subfield code="5">DE-101</subfield></datafield><datafield tag="689" ind1="1" ind2="0"><subfield code="0">(DE-588)4006888-2</subfield><subfield code="D">s</subfield><subfield code="a">Bionik </subfield></datafield><datafield tag="689" ind1="1" ind2="1"><subfield code="A">s</subfield><subfield code="a">Kinderbuch</subfield><subfield code="5">DE-101</subfield></datafield><datafield tag="700" ind1="1" ind2=" "><subfield code="0">(DE-Frei129)00528597</subfield><subfield code="a">Zeuch, Martin</subfield><subfield code="4">aut</subfield></datafield><datafield tag="700" ind1="1" ind2=" "><subfield code="0">(DE-588)1145504671</subfield><subfield code="0">(DE-Frei129)00044605</subfield><subfield code="a">Reimann, Eberhard</subfield><subfield code="4">ill</subfield></datafield><datafield tag="830" ind1=" " ind2="0"><subfield code="a">Was ist was</subfield><subfield code="v">122</subfield><subfield code="w">(DE-Frei129)00082567</subfield><subfield code="9">3122</subfield></datafield><datafield tag="852" ind1=" " ind2=" "><subfield code="a">Frei 129</subfield><subfield code="b">PHFR</subfield><subfield code="c">ED 5430 Z62</subfield></datafield><datafield tag="980" ind1="0" ind2=" "><subfield code="a">00226506</subfield><subfield code="9">(PHFR)</subfield><subfield code="b">2.OG (35)</subfield><subfield code="c">ED 5430 Z62</subfield><subfield code="d">Standardleihe (01)</subfield><subfield code="e">Verfügbar (X)</subfield></datafield></record>