
<record><leader>05489nam a2200000uu 4500</leader><controlfield tag="001">02342229</controlfield><controlfield tag="003">DE-Frei129</controlfield><controlfield tag="005">20220811084032.0</controlfield><controlfield tag="007">tu</controlfield><controlfield tag="008">111114s2010    ||||||||||||||||||||ger||</controlfield><datafield tag="035" ind1=" " ind2=" "><subfield code="a">(DE-576)1423048695</subfield></datafield><datafield tag="041" ind1=" " ind2=" "><subfield code="a">ger</subfield></datafield><datafield tag="245" ind1="1" ind2="0"><subfield code="a">Weitere Methoden des lebendigen Lernens</subfield><subfield code="c">Rolf Arnold... (Hrsg.) Unter Mitarb. von Claus Becker ... Veröff. durch Gewerkschaft Erziehung und Wissenschaft Rheinland-Pfalz</subfield></datafield><datafield tag="250" ind1=" " ind2=" "><subfield code="a">3. Aufl.</subfield></datafield><datafield tag="260" ind1="3" ind2=" "><subfield code="a">Kaiserslautern</subfield><subfield code="b">Univ., FB Sozial- und Wirtschaftswiss., Fachgebiet Pädagogik</subfield><subfield code="c">2010</subfield></datafield><datafield tag="300" ind1=" " ind2=" "><subfield code="a">165  Seiten</subfield><subfield code="b">Ill., graph. Darst.</subfield></datafield><datafield tag="490" ind1="1" ind2=" "><subfield code="a">Pädagogische Materialien der Universität Kaiserslautern </subfield><subfield code="v">15</subfield></datafield><datafield tag="500" ind1=" " ind2=" "><subfield code="a">5090: ddsu/sred</subfield></datafield><datafield tag="650" ind1=" " ind2="7"><subfield code="a">Lernen</subfield><subfield code="0">(DE-Frei129)00013859</subfield><subfield code="0">(DE-588)4035408-8</subfield><subfield code="2">gnd</subfield></datafield><datafield tag="650" ind1=" " ind2="7"><subfield code="a">Aktivierung</subfield><subfield code="0">(DE-Frei129)00000919</subfield><subfield code="0">(DE-588)4000970-1</subfield><subfield code="2">gnd</subfield></datafield><datafield tag="650" ind1=" " ind2="7"><subfield code="a">Methode</subfield><subfield code="0">(DE-Frei129)00016504</subfield><subfield code="0">(DE-588)4038971-6</subfield><subfield code="2">gnd</subfield></datafield><datafield tag="650" ind1=" " ind2="7"><subfield code="a">Unterricht</subfield><subfield code="0">(DE-Frei129)00001741</subfield><subfield code="0">(DE-588)4062005-0</subfield><subfield code="2">gnd</subfield></datafield><datafield tag="650" ind1=" " ind2="7"><subfield code="a">Lerntechnik</subfield><subfield code="0">(DE-Frei129)00007797</subfield><subfield code="0">(DE-588)4074168-0</subfield><subfield code="2">gnd</subfield></datafield><datafield tag="650" ind1=" " ind2="7"><subfield code="a">Lehrerbildung</subfield><subfield code="0">(DE-Frei129)00015166</subfield><subfield code="0">(DE-588)4035093-9</subfield><subfield code="2">gnd</subfield></datafield><datafield tag="689" ind1="0" ind2="0"><subfield code="0">(DE-588)4035408-8</subfield><subfield code="D">s</subfield><subfield code="a">Lernen </subfield></datafield><datafield tag="689" ind1="0" ind2="1"><subfield code="0">(DE-588)4000970-1</subfield><subfield code="D">s</subfield><subfield code="a">Aktivierung </subfield></datafield><datafield tag="689" ind1="0" ind2="2"><subfield code="0">(DE-588)4038971-6</subfield><subfield code="D">s</subfield><subfield code="a">Methode </subfield></datafield><datafield tag="689" ind1="0" ind2="3"><subfield code="0">(DE-588)4062005-0</subfield><subfield code="D">s</subfield><subfield code="a">Unterricht</subfield><subfield code="5">DE-101</subfield></datafield><datafield tag="689" ind1="1" ind2="0"><subfield code="0">(DE-588)4074168-0</subfield><subfield code="D">s</subfield><subfield code="a">Lerntechnik </subfield></datafield><datafield tag="689" ind1="1" ind2="1"><subfield code="0">(DE-588)4062005-0</subfield><subfield code="D">s</subfield><subfield code="a">Unterricht </subfield></datafield><datafield tag="689" ind1="1" ind2="2"><subfield code="0">(DE-588)4035093-9</subfield><subfield code="D">s</subfield><subfield code="a">Lehrerbildung</subfield><subfield code="5">DE-101</subfield></datafield><datafield tag="700" ind1="1" ind2=" "><subfield code="0">(DE-588)124807216</subfield><subfield code="0">(DE-Frei129)00001519</subfield><subfield code="a">Arnold, Rolf</subfield><subfield code="4">Hrsg.</subfield></datafield><datafield tag="700" ind1="1" ind2=" "><subfield code="0">(DE-Frei129)00003529</subfield><subfield code="a">Becker, Claus</subfield><subfield code="4">oth</subfield></datafield><datafield tag="710" ind1="2" ind2=" "><subfield code="0">(DE-Frei129)00136013</subfield><subfield code="0">(DE-588)5105884-4</subfield><subfield code="a">Gewerkschaft Erziehung und Wissenschaft</subfield><subfield code="b">Landesverband Rheinland-Pfalz</subfield><subfield code="4">oth</subfield></datafield><datafield tag="830" ind1=" " ind2="0"><subfield code="a">Pädagogische Materialien der Universität Kaiserslautern</subfield><subfield code="v">15</subfield><subfield code="w">(DE-Frei129)01303449</subfield><subfield code="9">215</subfield></datafield><datafield tag="852" ind1=" " ind2=" "><subfield code="a">Frei129</subfield><subfield code="c">Paed H 530: 26</subfield></datafield><datafield tag="980" ind1="0" ind2=" "><subfield code="a">00216203</subfield><subfield code="9">(PHFR)</subfield><subfield code="b">EG-Anbau (32)</subfield><subfield code="c">Paed H 530: 26</subfield><subfield code="d">Standardleihe (01)</subfield><subfield code="e">Verfügbar (X)</subfield></datafield></record>