
<record><leader>02197nam a2200000uu 4500</leader><controlfield tag="001">02342134</controlfield><controlfield tag="003">DE-Frei129</controlfield><controlfield tag="005">20220811084032.0</controlfield><controlfield tag="007">tu</controlfield><controlfield tag="008">111108s2010    ||||||||||||||||||||ger||</controlfield><datafield tag="020" ind1=" " ind2=" "><subfield code="a">9783937872339</subfield><subfield code="9">978-3-937872-33-9</subfield></datafield><datafield tag="035" ind1=" " ind2=" "><subfield code="a">(DE-576)516043927</subfield></datafield><datafield tag="041" ind1=" " ind2=" "><subfield code="a">ger</subfield></datafield><datafield tag="044" ind1=" " ind2=" "><subfield code="c">XA-DE-HH</subfield></datafield><datafield tag="245" ind1="1" ind2="0"><subfield code="a">Kompaktkurs Zeichnen</subfield><subfield code="b">zwei Bände in einem</subfield><subfield code="c">Eberhard Brügel</subfield></datafield><datafield tag="260" ind1="3" ind2=" "><subfield code="a">Hamburg</subfield><subfield code="b">Nikol-Verl.</subfield><subfield code="c">2010</subfield></datafield><datafield tag="300" ind1=" " ind2=" "><subfield code="a">151  Seiten</subfield><subfield code="b">Ill., graph. Darst.</subfield></datafield><datafield tag="500" ind1=" " ind2=" "><subfield code="a">Lizenz des Schneider-Verl. Hohengehren, Baltmannsweiler</subfield></datafield><datafield tag="500" ind1=" " ind2=" "><subfield code="a">IMD-Felder und 1131 maschinell ergänzt</subfield></datafield><datafield tag="700" ind1="1" ind2=" "><subfield code="0">(DE-588)122698592</subfield><subfield code="0">(DE-Frei129)00007900</subfield><subfield code="a">Brügel, Eberhard</subfield><subfield code="4">aut</subfield></datafield><datafield tag="852" ind1=" " ind2=" "><subfield code="a">Frei 129</subfield><subfield code="b">PHFR</subfield><subfield code="c">LH 71040 B889 B1</subfield></datafield><datafield tag="980" ind1="0" ind2=" "><subfield code="a">00226312</subfield><subfield code="9">(PHFR)</subfield><subfield code="b">2.OG (35)</subfield><subfield code="c">LH 71040 B889 B1</subfield><subfield code="d">Standardleihe (01)</subfield><subfield code="e">Verfügbar (X)</subfield></datafield></record>