
<record><leader>02112nam a2200000uu 4500</leader><controlfield tag="001">02342040</controlfield><controlfield tag="003">DE-Frei129</controlfield><controlfield tag="005">20220811084032.0</controlfield><controlfield tag="007">tu</controlfield><controlfield tag="008">111103s2010    ||||||||||||||||||||ger||</controlfield><datafield tag="020" ind1=" " ind2=" "><subfield code="a">3794127765</subfield><subfield code="9">3-7941-2776-5</subfield></datafield><datafield tag="035" ind1=" " ind2=" "><subfield code="a">(DE-576)1613638183</subfield></datafield><datafield tag="041" ind1=" " ind2=" "><subfield code="a">ger</subfield></datafield><datafield tag="245" ind1="1" ind2="0"><subfield code="a">Du hast angefangen! Nein, du!</subfield><subfield code="c">David McKee. [Dt. von Rolf Inhauser]</subfield></datafield><datafield tag="246" ind1="1" ind2="3"><subfield code="a">Two monsters</subfield></datafield><datafield tag="250" ind1=" " ind2=" "><subfield code="a">23. Aufl.</subfield></datafield><datafield tag="260" ind1="3" ind2=" "><subfield code="a">Aarau ; Frankfurt am Main ; Salzburg</subfield><subfield code="b">Sauerländer</subfield><subfield code="c">2010 2010</subfield></datafield><datafield tag="300" ind1=" " ind2=" "><subfield code="a">[26]  Seiten</subfield><subfield code="b">überwiegend Ill.</subfield></datafield><datafield tag="500" ind1=" " ind2=" "><subfield code="a">IMD-Felder und 1131 maschinell ergänzt</subfield></datafield><datafield tag="700" ind1="1" ind2=" "><subfield code="0">(DE-Frei129)00080563</subfield><subfield code="a">McKee, David</subfield><subfield code="4">oth</subfield></datafield><datafield tag="852" ind1=" " ind2=" "><subfield code="a">Frei 129</subfield><subfield code="b">PHFR</subfield><subfield code="c">ED 5540 M478 (23)</subfield></datafield><datafield tag="980" ind1="0" ind2=" "><subfield code="a">00229096</subfield><subfield code="9">(PHFR)</subfield><subfield code="b">2.OG (35)</subfield><subfield code="c">ED 5540 M478 (23)</subfield><subfield code="d">Standardleihe (01)</subfield><subfield code="e">Verfügbar (X)</subfield></datafield></record>