
<record><leader>02155nam a2200000uu 4500</leader><controlfield tag="001">02341738</controlfield><controlfield tag="003">DE-Frei129</controlfield><controlfield tag="005">20220811084032.0</controlfield><controlfield tag="007">tu</controlfield><controlfield tag="008">111021s2010    ||||||||||||||||||||swe||</controlfield><datafield tag="020" ind1=" " ind2=" "><subfield code="a">9789186581022</subfield><subfield code="9">978-91-86581-02-2</subfield></datafield><datafield tag="020" ind1=" " ind2=" "><subfield code="a">9186581023</subfield><subfield code="9">91-86581-02-3</subfield></datafield><datafield tag="035" ind1=" " ind2=" "><subfield code="a">(DE-576)1613435312</subfield></datafield><datafield tag="041" ind1=" " ind2=" "><subfield code="a">swe</subfield></datafield><datafield tag="044" ind1=" " ind2=" "><subfield code="c">XA-SE</subfield></datafield><datafield tag="245" ind1="1" ind2="0"><subfield code="a">Speglingar i den långa sjön</subfield><subfield code="c">Bengt Söderhäll</subfield></datafield><datafield tag="260" ind1="3" ind2=" "><subfield code="a">Göteborg</subfield><subfield code="a">Stockholm</subfield><subfield code="b">Beijbom Books</subfield><subfield code="b">Olssons grafiska</subfield><subfield code="c">2010</subfield></datafield><datafield tag="300" ind1=" " ind2=" "><subfield code="a">163  Seiten</subfield><subfield code="c">20 cm</subfield></datafield><datafield tag="500" ind1=" " ind2=" "><subfield code="a">Originalupplaga 2010</subfield></datafield><datafield tag="700" ind1="1" ind2=" "><subfield code="0">(DE-Frei129)00809130</subfield><subfield code="a">Söderhäll, Bengt</subfield><subfield code="4">aut</subfield></datafield><datafield tag="852" ind1=" " ind2=" "><subfield code="a">Frei 129</subfield><subfield code="b">PHFR</subfield><subfield code="c">GX 7550 S681</subfield></datafield><datafield tag="980" ind1="0" ind2=" "><subfield code="a">00220883</subfield><subfield code="9">(PHFR)</subfield><subfield code="b">2.OG (35)</subfield><subfield code="c">GX 7550 S681</subfield><subfield code="d">Standardleihe (01)</subfield><subfield code="e">Verfügbar (X)</subfield></datafield></record>