
<record><leader>04428nam a2200000uu 4500</leader><controlfield tag="001">02341561</controlfield><controlfield tag="003">DE-Frei129</controlfield><controlfield tag="005">20220811084032.0</controlfield><controlfield tag="007">tu</controlfield><controlfield tag="008">111017s2010    ||||||||||||||||||||ger||</controlfield><datafield tag="015" ind1=" " ind2=" "><subfield code="a">11,A37</subfield></datafield><datafield tag="016" ind1="7" ind2=" "><subfield code="a">998091006</subfield><subfield code="2">DE-101</subfield></datafield><datafield tag="020" ind1=" " ind2=" "><subfield code="a">9783839142066</subfield><subfield code="9">9783839142066</subfield><subfield code="c">kart. : EUR 24.90, sfr 42.90 (freier Pr.)</subfield></datafield><datafield tag="024" ind1="3" ind2=" "><subfield code="a">9783839142066</subfield></datafield><datafield tag="035" ind1=" " ind2=" "><subfield code="a">(DE-576)1613187270</subfield></datafield><datafield tag="041" ind1=" " ind2=" "><subfield code="a">ger</subfield></datafield><datafield tag="044" ind1=" " ind2=" "><subfield code="c">XA-DE-SH</subfield></datafield><datafield tag="100" ind1="1" ind2=" "><subfield code="a">Sauldie, Sanjay</subfield><subfield code="0">(DE-Frei129)05000339</subfield><subfield code="0">(DE-588)124541267</subfield></datafield><datafield tag="245" ind1="1" ind2="4"><subfield code="a">Die Geheimnisse erfolgreicher Websites</subfield><subfield code="b">[die iROI-Strategie für Manager und Entscheider; einfach, verständlich, unterhaltsam; Kundengewinnung im Internet]</subfield><subfield code="c">von und mit Sanjay Sauldie</subfield></datafield><datafield tag="260" ind1="3" ind2=" "><subfield code="a">Mannheim</subfield><subfield code="a">Norderstedt</subfield><subfield code="b">SSX, Verl. für Audiovisuelle Medien</subfield><subfield code="b">Books on Demand GmbH</subfield><subfield code="c">c 2010</subfield></datafield><datafield tag="300" ind1=" " ind2=" "><subfield code="a">204 Seiten</subfield><subfield code="b">Ill.</subfield><subfield code="c">21 cm, 301 gr.</subfield></datafield><datafield tag="500" ind1=" " ind2=" "><subfield code="a">Zusätzliches Online-Angebot unter www.iroi-strategie.de</subfield></datafield><datafield tag="500" ind1=" " ind2=" "><subfield code="a">Archivierung/Langzeitarchivierung gewährleistet</subfield></datafield><datafield tag="650" ind1=" " ind2="7"><subfield code="a">Online-Marketing</subfield><subfield code="0">(DE-Frei129)00117956</subfield><subfield code="0">(DE-588)7706419-7</subfield><subfield code="2">gnd</subfield></datafield><datafield tag="650" ind1=" " ind2="7"><subfield code="a">Website</subfield><subfield code="0">(DE-Frei129)00094499</subfield><subfield code="0">(DE-588)4596172-4</subfield><subfield code="2">gnd</subfield></datafield><datafield tag="650" ind1=" " ind2="7"><subfield code="a">Gestaltung</subfield><subfield code="0">(DE-Frei129)00003859</subfield><subfield code="0">(DE-588)4157139-3</subfield><subfield code="2">gnd</subfield></datafield><datafield tag="689" ind1="0" ind2="0"><subfield code="0">(DE-588)7706419-7</subfield><subfield code="D">s</subfield><subfield code="a">Online-Marketing </subfield></datafield><datafield tag="689" ind1="0" ind2="1"><subfield code="0">(DE-588)4596172-4</subfield><subfield code="D">s</subfield><subfield code="a">Website </subfield></datafield><datafield tag="689" ind1="0" ind2="2"><subfield code="0">(DE-588)4157139-3</subfield><subfield code="D">s</subfield><subfield code="a">Gestaltung</subfield><subfield code="5">DE-101</subfield></datafield><datafield tag="852" ind1=" " ind2=" "><subfield code="a">Frei129</subfield><subfield code="c">EDV P 100: 5</subfield></datafield><datafield tag="856" ind1="4" ind2=" "><subfield code="8">00</subfield><subfield code="u">http://d-nb.info/998091006/04</subfield><subfield code="y">Inhaltsverzeichnis</subfield></datafield><datafield tag="856" ind1="4" ind2=" "><subfield code="8">01</subfield><subfield code="u">http://deposit.d-nb.de/cgi-bin/dokserv?id=3375894&amp;prov=M&amp;dok_var=1&amp;dok_ext=htm</subfield><subfield code="y">Verlagsinformation</subfield></datafield><datafield tag="980" ind1="0" ind2=" "><subfield code="a">00226856</subfield><subfield code="9">(PHFR)</subfield><subfield code="b">UG (33)</subfield><subfield code="c">EDV P 100: 5</subfield><subfield code="d">Standardleihe (01)</subfield><subfield code="e">Verfügbar (X)</subfield></datafield></record>