
<record><leader>04185nam a2200000uu 4500</leader><controlfield tag="001">02341361</controlfield><controlfield tag="003">DE-Frei129</controlfield><controlfield tag="005">20220811084032.0</controlfield><controlfield tag="007">tu</controlfield><controlfield tag="008">111011s2010    ||||||||||||||||||||ger||</controlfield><datafield tag="015" ind1=" " ind2=" "><subfield code="a">11,A33</subfield></datafield><datafield tag="016" ind1="7" ind2=" "><subfield code="a">1010478494</subfield><subfield code="2">DE-101</subfield></datafield><datafield tag="020" ind1=" " ind2=" "><subfield code="a">9783868584554</subfield><subfield code="9">978-3-86858-455-4</subfield><subfield code="c">Pp. : EUR 24.95 (DE), EUR 24.95 (AT), sfr 49.90 (freier Pr.)</subfield></datafield><datafield tag="024" ind1="3" ind2=" "><subfield code="a">9783868584554</subfield></datafield><datafield tag="035" ind1=" " ind2=" "><subfield code="a">(DE-576)1613098782</subfield></datafield><datafield tag="041" ind1=" " ind2=" "><subfield code="a">ger</subfield></datafield><datafield tag="044" ind1=" " ind2=" "><subfield code="c">XA-DE-NW</subfield></datafield><datafield tag="245" ind1="1" ind2="0"><subfield code="a">&quot;Faszination Brot&quot;</subfield><subfield code="b">Grundnahrungsmittel, Kulturgut, Handwerkskunst</subfield><subfield code="c">Autor: Dominik Siegwart</subfield></datafield><datafield tag="260" ind1="3" ind2=" "><subfield code="a">Aachen</subfield><subfield code="b">Shaker Media</subfield><subfield code="c">2010 2010</subfield></datafield><datafield tag="300" ind1=" " ind2=" "><subfield code="a">103  Seiten</subfield><subfield code="b">Ill.</subfield><subfield code="c">22 cm</subfield></datafield><datafield tag="500" ind1=" " ind2=" "><subfield code="a">Literaturangaben</subfield></datafield><datafield tag="648" ind1=" " ind2="7"><subfield code="a">Geschichte</subfield><subfield code="0">(DE-Frei129)00000468</subfield><subfield code="2">local</subfield></datafield><datafield tag="650" ind1=" " ind2="7"><subfield code="a">Brot</subfield><subfield code="0">(DE-Frei129)00004462</subfield><subfield code="0">(DE-588)4008364-0</subfield><subfield code="2">gnd</subfield></datafield><datafield tag="650" ind1=" " ind2="7"><subfield code="a">Brotherstellung</subfield><subfield code="0">(DE-Frei129)00046293</subfield><subfield code="0">(DE-588)4131388-4</subfield><subfield code="2">gnd</subfield></datafield><datafield tag="650" ind1=" " ind2="7"><subfield code="a">Kultur</subfield><subfield code="0">(DE-Frei129)00126006</subfield><subfield code="0">(DE-588)4125698-0</subfield><subfield code="2">gnd</subfield></datafield><datafield tag="689" ind1="0" ind2="0"><subfield code="0">(DE-588)4008364-0</subfield><subfield code="D">s</subfield><subfield code="a">Brot </subfield></datafield><datafield tag="689" ind1="0" ind2="1"><subfield code="0">(DE-588)4131388-4</subfield><subfield code="D">s</subfield><subfield code="a">Brotherstellung </subfield></datafield><datafield tag="689" ind1="0" ind2="2"><subfield code="0">(DE-588)4125698-0</subfield><subfield code="D">s</subfield><subfield code="a">Kultur </subfield></datafield><datafield tag="689" ind1="0" ind2="3"><subfield code="A">s</subfield><subfield code="a">Geschichte</subfield><subfield code="5">DE-101</subfield></datafield><datafield tag="700" ind1="1" ind2=" "><subfield code="0">(DE-588)140013504</subfield><subfield code="0">(DE-Frei129)01152493</subfield><subfield code="a">Siegwart, Dominik</subfield><subfield code="4">aut</subfield></datafield><datafield tag="852" ind1=" " ind2=" "><subfield code="a">Frei 129</subfield><subfield code="b">PHFR</subfield><subfield code="c">ZE 12000 S571</subfield></datafield><datafield tag="856" ind1="4" ind2=" "><subfield code="8">00</subfield><subfield code="u">http://d-nb.info/1010478494/04</subfield><subfield code="y">Inhaltsverzeichnis</subfield></datafield><datafield tag="980" ind1="0" ind2=" "><subfield code="a">00226627</subfield><subfield code="9">(PHFR)</subfield><subfield code="b">3.OG (37)</subfield><subfield code="c">ZE 12000 S571</subfield><subfield code="d">Standardleihe (01)</subfield><subfield code="e">Verfügbar (X)</subfield></datafield></record>