
<record><leader>03572nam a2200000uu 4500</leader><controlfield tag="001">02341323</controlfield><controlfield tag="003">DE-Frei129</controlfield><controlfield tag="005">20220811084032.0</controlfield><controlfield tag="007">tu</controlfield><controlfield tag="008">111011s2010    ||||||||||||||||||||ger||</controlfield><datafield tag="015" ind1=" " ind2=" "><subfield code="a">06,N11,1097</subfield></datafield><datafield tag="016" ind1="7" ind2=" "><subfield code="a">978573005</subfield><subfield code="2">DE-101</subfield></datafield><datafield tag="020" ind1=" " ind2=" "><subfield code="a">9783878708629</subfield><subfield code="9">978-3-87870-862-9</subfield></datafield><datafield tag="024" ind1="3" ind2=" "><subfield code="a">9783878708629</subfield></datafield><datafield tag="035" ind1=" " ind2=" "><subfield code="a">(DE-576)1613083912</subfield></datafield><datafield tag="041" ind1=" " ind2=" "><subfield code="a">ger</subfield></datafield><datafield tag="044" ind1=" " ind2=" "><subfield code="c">XA-DE-NI</subfield></datafield><datafield tag="245" ind1="1" ind2="0"><subfield code="a">Arbeitsbuch Feinschnittsäge</subfield><subfield code="b">25 Projekte von kinderleicht bis gar nicht so einfach</subfield><subfield code="c">John und Joyce Nelson</subfield></datafield><datafield tag="246" ind1="1" ind2="3"><subfield code="a">Scroll saw workbook</subfield></datafield><datafield tag="250" ind1=" " ind2=" "><subfield code="a">2. Aufl.</subfield></datafield><datafield tag="260" ind1="3" ind2=" "><subfield code="a">Hannover</subfield><subfield code="b">Schäfer im Vincentz Network</subfield><subfield code="c">2010</subfield></datafield><datafield tag="300" ind1=" " ind2=" "><subfield code="a">87  Seiten</subfield><subfield code="b">zahlr. Ill.</subfield><subfield code="c">280 mm x 210 mm</subfield></datafield><datafield tag="500" ind1=" " ind2=" "><subfield code="a">IMD-Felder und 1131 maschinell ergänzt</subfield></datafield><datafield tag="650" ind1=" " ind2="7"><subfield code="a">Laubsägearbeit</subfield><subfield code="0">(DE-Frei129)00072458</subfield><subfield code="0">(DE-588)4195170-0</subfield><subfield code="2">gnd</subfield></datafield><datafield tag="655" ind1=" " ind2="7"><subfield code="a">Anleitung</subfield><subfield code="0">(DE-Frei129)00000011</subfield><subfield code="2">local</subfield></datafield><datafield tag="689" ind1="0" ind2="0"><subfield code="0">(DE-588)4195170-0</subfield><subfield code="D">s</subfield><subfield code="a">Laubsägearbeit </subfield></datafield><datafield tag="689" ind1="0" ind2="1"><subfield code="A">s</subfield><subfield code="a">Anleitung</subfield><subfield code="5">DE-101</subfield></datafield><datafield tag="700" ind1="1" ind2=" "><subfield code="0">(DE-Frei129)00445457</subfield><subfield code="a">Nelson, John A.</subfield><subfield code="4">aut</subfield></datafield><datafield tag="700" ind1="1" ind2=" "><subfield code="0">(DE-588)114625699X</subfield><subfield code="0">(DE-Frei129)00459427</subfield><subfield code="a">Nelson, Joyce</subfield><subfield code="4">aut</subfield></datafield><datafield tag="852" ind1=" " ind2=" "><subfield code="a">Frei 129</subfield><subfield code="b">PHFR</subfield><subfield code="c">ZS 5200 N427 (2)</subfield></datafield><datafield tag="980" ind1="0" ind2=" "><subfield code="a">00219373</subfield><subfield code="9">(PHFR)</subfield><subfield code="b">3.OG (37)</subfield><subfield code="c">ZS 5200 N427 (2)</subfield><subfield code="d">Standardleihe (01)</subfield><subfield code="e">Verfügbar (X)</subfield></datafield></record>