
<record><leader>04679nam a2200000uu 4500</leader><controlfield tag="001">02341197</controlfield><controlfield tag="003">DE-Frei129</controlfield><controlfield tag="005">20220811084032.0</controlfield><controlfield tag="007">tu</controlfield><controlfield tag="008">111004s2010    ||||||||||||||||||||ger||</controlfield><datafield tag="015" ind1=" " ind2=" "><subfield code="a">11,A28</subfield></datafield><datafield tag="016" ind1="7" ind2=" "><subfield code="a">100873229X</subfield><subfield code="2">DE-101</subfield></datafield><datafield tag="020" ind1=" " ind2=" "><subfield code="a">9783868272123</subfield><subfield code="9">9783868272123</subfield><subfield code="c">kart. : EUR 8.95 (DE)</subfield></datafield><datafield tag="024" ind1="3" ind2=" "><subfield code="a">9783868272123</subfield></datafield><datafield tag="035" ind1=" " ind2=" "><subfield code="a">(DE-576)1612964435</subfield></datafield><datafield tag="041" ind1=" " ind2=" "><subfield code="a">ger</subfield></datafield><datafield tag="044" ind1=" " ind2=" "><subfield code="c">XA-DE-HE</subfield></datafield><datafield tag="245" ind1="1" ind2="0"><subfield code="a">Schulbeweger. Der Kurs</subfield><subfield code="b">wenn Jesus Schüler bewegt; Material für Teenager- und Jugendgruppen</subfield><subfield code="c">Smd. [Hrsg. und Red.: Julia Garschagen; Markus Stamme]</subfield></datafield><datafield tag="260" ind1="3" ind2=" "><subfield code="a">Marburg</subfield><subfield code="b">Francke</subfield><subfield code="c">2010</subfield></datafield><datafield tag="300" ind1=" " ind2=" "><subfield code="a">129 Seiten</subfield><subfield code="b">Ill.</subfield><subfield code="c">21 cm</subfield><subfield code="e">1 CD-ROM</subfield></datafield><datafield tag="490" ind1="0" ind2=" "><subfield code="a">Smd Impulse</subfield></datafield><datafield tag="500" ind1=" " ind2=" "><subfield code="a">Literaturangaben</subfield></datafield><datafield tag="650" ind1=" " ind2="7"><subfield code="a">Evangelisation</subfield><subfield code="0">(DE-Frei129)00007490</subfield><subfield code="0">(DE-588)4015812-3</subfield><subfield code="2">gnd</subfield></datafield><datafield tag="650" ind1=" " ind2="7"><subfield code="a">Schüler</subfield><subfield code="0">(DE-Frei129)00002305</subfield><subfield code="0">(DE-588)4053369-4</subfield><subfield code="2">gnd</subfield></datafield><datafield tag="650" ind1=" " ind2="7"><subfield code="a">Jugendarbeit</subfield><subfield code="0">(DE-Frei129)00012691</subfield><subfield code="0">(DE-588)4028863-8</subfield><subfield code="2">gnd</subfield></datafield><datafield tag="650" ind1=" " ind2="7"><subfield code="a">Evangelische Kirche</subfield><subfield code="0">(DE-Frei129)00007495</subfield><subfield code="0">(DE-588)4015833-0</subfield><subfield code="2">gnd</subfield></datafield><datafield tag="689" ind1="0" ind2="0"><subfield code="0">(DE-588)4015812-3</subfield><subfield code="D">s</subfield><subfield code="a">Evangelisation </subfield></datafield><datafield tag="689" ind1="0" ind2="1"><subfield code="0">(DE-588)4053369-4</subfield><subfield code="D">s</subfield><subfield code="a">Schüler </subfield></datafield><datafield tag="689" ind1="0" ind2="2"><subfield code="0">(DE-588)4028863-8</subfield><subfield code="D">s</subfield><subfield code="a">Jugendarbeit </subfield></datafield><datafield tag="689" ind1="0" ind2="3"><subfield code="0">(DE-588)4015833-0</subfield><subfield code="D">s</subfield><subfield code="a">Evangelische Kirche</subfield><subfield code="5">DE-101</subfield></datafield><datafield tag="700" ind1="1" ind2=" "><subfield code="0">(DE-588)1012114457</subfield><subfield code="0">(DE-Frei129)00812516</subfield><subfield code="a">Garschagen, Julia</subfield><subfield code="4">Hrsg.</subfield></datafield><datafield tag="710" ind1="2" ind2=" "><subfield code="0">(DE-Frei129)00133631</subfield><subfield code="0">(DE-588)2002657-2</subfield><subfield code="a">Studentenmission in Deutschland</subfield><subfield code="4">oth</subfield></datafield><datafield tag="852" ind1=" " ind2=" "><subfield code="a">Frei 129</subfield><subfield code="b">PHFR</subfield><subfield code="c">BU 3200 G243</subfield></datafield><datafield tag="856" ind1="4" ind2=" "><subfield code="8">00</subfield><subfield code="u">http://d-nb.info/100873229X/04</subfield><subfield code="y">Inhaltsverzeichnis</subfield></datafield><datafield tag="980" ind1="0" ind2=" "><subfield code="a">00219341</subfield><subfield code="9">(PHFR)</subfield><subfield code="b">UG (33)</subfield><subfield code="c">BU 3200 G243</subfield><subfield code="d">Standardleihe (01)</subfield><subfield code="e">Verfügbar (X)</subfield></datafield></record>