
<record><leader>03170nam a2200000uu 4500</leader><controlfield tag="001">02341108</controlfield><controlfield tag="003">DE-Frei129</controlfield><controlfield tag="005">20220811084032.0</controlfield><controlfield tag="007">tu</controlfield><controlfield tag="008">111102s2010    ||||||||||||||||||||eng||</controlfield><datafield tag="020" ind1=" " ind2=" "><subfield code="a">9780340814345</subfield><subfield code="9">9780340814345</subfield><subfield code="c">pbk.</subfield></datafield><datafield tag="020" ind1=" " ind2=" "><subfield code="a">0340814349</subfield><subfield code="9">0340814349</subfield><subfield code="c">pbk.</subfield></datafield><datafield tag="035" ind1=" " ind2=" "><subfield code="a">(DE-576)1612868010</subfield></datafield><datafield tag="041" ind1=" " ind2=" "><subfield code="a">eng</subfield></datafield><datafield tag="044" ind1=" " ind2=" "><subfield code="c">XA-GB</subfield></datafield><datafield tag="245" ind1="1" ind2="0"><subfield code="a">History in practice</subfield><subfield code="c">Ludmilla Jordanova</subfield></datafield><datafield tag="250" ind1=" " ind2=" "><subfield code="a">2. ed., repr.</subfield></datafield><datafield tag="260" ind1="3" ind2=" "><subfield code="a">London</subfield><subfield code="b">Hodder Arnold</subfield><subfield code="c">2010 [Reprint] = 2006</subfield></datafield><datafield tag="300" ind1=" " ind2=" "><subfield code="a">xii, 243 p</subfield><subfield code="b">ill</subfield><subfield code="c">24 cm</subfield></datafield><datafield tag="500" ind1=" " ind2=" "><subfield code="a">Includes bibliographical references (p. [231]) and index</subfield></datafield><datafield tag="650" ind1=" " ind2="7"><subfield code="a">History</subfield><subfield code="0">(DE-Frei129)00229518</subfield><subfield code="2">local</subfield></datafield><datafield tag="650" ind1=" " ind2="7"><subfield code="a">Methodology</subfield><subfield code="0">(DE-Frei129)00232866</subfield><subfield code="2">local</subfield></datafield><datafield tag="689" ind1="0" ind2="0"><subfield code="A">s</subfield><subfield code="a">History</subfield><subfield code="5">DE-101</subfield></datafield><datafield tag="689" ind1="1" ind2="0"><subfield code="A">s</subfield><subfield code="a">History </subfield></datafield><datafield tag="689" ind1="1" ind2="1"><subfield code="A">s</subfield><subfield code="a">Methodology</subfield><subfield code="5">DE-101</subfield></datafield><datafield tag="700" ind1="1" ind2=" "><subfield code="0">(DE-588)131806076</subfield><subfield code="0">(DE-Frei129)00786500</subfield><subfield code="a">Jordanova, Ludmilla J.</subfield><subfield code="4">aut</subfield></datafield><datafield tag="852" ind1=" " ind2=" "><subfield code="a">Frei 129</subfield><subfield code="b">PHFR</subfield><subfield code="c">NB 2700 J82 (2)+...</subfield></datafield><datafield tag="980" ind1="0" ind2=" "><subfield code="a">00333524</subfield><subfield code="9">(PHFR)</subfield><subfield code="b">Handbibliothek (50)</subfield><subfield code="c">Hist A 500: 15</subfield><subfield code="d">Handbibliothek - nie verleihbar (54)</subfield><subfield code="e">Verfügbar (X)</subfield></datafield></record>