
<record><leader>04218nam a2200000uu 4500</leader><controlfield tag="001">02340947</controlfield><controlfield tag="003">DE-Frei129</controlfield><controlfield tag="005">20220811084033.0</controlfield><controlfield tag="007">tu</controlfield><controlfield tag="008">110919s2010    ||||||||||||||||||||eng||</controlfield><datafield tag="020" ind1=" " ind2=" "><subfield code="a">9789048170869</subfield><subfield code="9">978-90-481-7086-9</subfield></datafield><datafield tag="024" ind1="3" ind2=" "><subfield code="a">9781402042508</subfield></datafield><datafield tag="035" ind1=" " ind2=" "><subfield code="a">(DE-576)1612742173</subfield></datafield><datafield tag="041" ind1=" " ind2=" "><subfield code="a">eng</subfield></datafield><datafield tag="245" ind1="1" ind2="0"><subfield code="a">Revisiting discovery and justification</subfield><subfield code="b">historical and philosophical perspectives on the context distinction</subfield><subfield code="c">ed. by Jutta Schickore ...</subfield></datafield><datafield tag="260" ind1="3" ind2=" "><subfield code="a">Dordrecht</subfield><subfield code="b">Springer Berlin Heidelberg</subfield><subfield code="c">2010</subfield></datafield><datafield tag="300" ind1=" " ind2=" "><subfield code="a">XIX, 232  Seiten</subfield></datafield><datafield tag="490" ind1="1" ind2=" "><subfield code="a">Archimedes </subfield><subfield code="v">14</subfield></datafield><datafield tag="500" ind1=" " ind2=" "><subfield code="a">Literaturangaben</subfield></datafield><datafield tag="500" ind1=" " ind2=" "><subfield code="a">5550 ddsu,sred; 5090 ddsu,sred</subfield></datafield><datafield tag="650" ind1=" " ind2="7"><subfield code="a">Entdeckung</subfield><subfield code="0">(DE-Frei129)00006980</subfield><subfield code="0">(DE-588)4014841-5</subfield><subfield code="2">gnd</subfield></datafield><datafield tag="650" ind1=" " ind2="7"><subfield code="a">Verifikation</subfield><subfield code="0">(DE-Frei129)00049287</subfield><subfield code="0">(DE-588)4135577-5</subfield><subfield code="2">gnd</subfield></datafield><datafield tag="689" ind1="0" ind2="0"><subfield code="0">(DE-588)4014841-5</subfield><subfield code="D">s</subfield><subfield code="a">Entdeckung </subfield></datafield><datafield tag="689" ind1="0" ind2="1"><subfield code="0">(DE-588)4135577-5</subfield><subfield code="D">s</subfield><subfield code="a">Verifikation</subfield><subfield code="5">DE-101</subfield></datafield><datafield tag="700" ind1="1" ind2=" "><subfield code="0">(DE-Frei129)00379967</subfield><subfield code="a">Schickore, Jutta</subfield><subfield code="4">Hrsg.</subfield></datafield><datafield tag="776" ind1="0" ind2="8"><subfield code="a">edited by JUTTA SCHICKORE, FRIEDRICH STEINLE.</subfield><subfield code="i">Erscheint auch als Online-Ausgabe</subfield><subfield code="t">Revisiting Discovery and Justification</subfield><subfield code="w">(DE-Frei129)01078408</subfield><subfield code="w">(DE-576)1649479786</subfield></datafield><datafield tag="830" ind1=" " ind2="0"><subfield code="a">Archimedes</subfield><subfield code="v">14</subfield><subfield code="w">(DE-Frei129)00549229</subfield><subfield code="9">214</subfield></datafield><datafield tag="852" ind1=" " ind2=" "><subfield code="a">Frei129</subfield><subfield code="c">Phil B 380: 57</subfield></datafield><datafield tag="856" ind1="4" ind2=" "><subfield code="8">00</subfield><subfield code="u">http://swbplus.bsz-bw.de/bsz253038596cov.htm</subfield><subfield code="y">Cover</subfield></datafield><datafield tag="856" ind1="4" ind2=" "><subfield code="8">01</subfield><subfield code="u">http://swbplus.bsz-bw.de/bsz350464715cov.htm</subfield><subfield code="y">Cover</subfield></datafield><datafield tag="856" ind1="4" ind2=" "><subfield code="8">02</subfield><subfield code="u">http://swbplus.bsz-bw.de/bsz253038596inh.htm</subfield><subfield code="y">Inhaltsverzeichnis</subfield></datafield><datafield tag="980" ind1="0" ind2=" "><subfield code="a">00215836</subfield><subfield code="9">(PHFR)</subfield><subfield code="b">EG-Anbau (32)</subfield><subfield code="c">Phil B 380: 57</subfield><subfield code="d">Standardleihe (01)</subfield><subfield code="e">Verfügbar (X)</subfield></datafield></record>