
<record><leader>03973nam a2200000uu 4500</leader><controlfield tag="001">02340701</controlfield><controlfield tag="003">DE-Frei129</controlfield><controlfield tag="005">20220811084033.0</controlfield><controlfield tag="007">tu</controlfield><controlfield tag="008">110906s2010    ||||||||||||||||||||ger||</controlfield><datafield tag="035" ind1=" " ind2=" "><subfield code="a">(DE-576)1419946269</subfield></datafield><datafield tag="041" ind1=" " ind2=" "><subfield code="a">ger</subfield></datafield><datafield tag="100" ind1="1" ind2=" "><subfield code="a">Walter, Jürgen</subfield><subfield code="0">(DE-Frei129)00768508</subfield><subfield code="0">(DE-588)132330377</subfield></datafield><datafield tag="245" ind1="1" ind2="0"><subfield code="a">Lernfortschrittsdiagnostik Lesen</subfield><subfield code="b">LDL; ein curriculumbasiertes Verfahren</subfield><subfield code="c">von Jürgen Walter</subfield></datafield><datafield tag="246" ind1="1" ind2="0"><subfield code="a">LDL</subfield></datafield><datafield tag="260" ind1="3" ind2=" "><subfield code="a">Göttingen [u.a.]</subfield><subfield code="b">Huber, Hans</subfield><subfield code="c">2010</subfield></datafield><datafield tag="300" ind1=" " ind2=" "><subfield code="a">Testmappe</subfield></datafield><datafield tag="490" ind1="0" ind2=" "><subfield code="a">Deutsche Schultests</subfield></datafield><datafield tag="500" ind1=" " ind2=" "><subfield code="a">Testmappe enth.: Manual (53 S.), 25 Lesetexte, 5 mal 28 Auswertungsbögen, 5 Lernfortschrittsprotokolle (Max 50), 5 Lernfortschrittsprotokolle (Max 80), 5 Lernfortschrittsprotokolle (Max 100)</subfield></datafield><datafield tag="500" ind1=" " ind2=" "><subfield code="a">Archivierung prüfen</subfield></datafield><datafield tag="650" ind1=" " ind2="7"><subfield code="a">Lesekompetenz</subfield><subfield code="0">(DE-Frei129)00062278</subfield><subfield code="0">(DE-588)4674421-6</subfield><subfield code="2">gnd</subfield></datafield><datafield tag="650" ind1=" " ind2="7"><subfield code="a">Test</subfield><subfield code="0">(DE-Frei129)00003112</subfield><subfield code="0">(DE-588)4059549-3</subfield><subfield code="2">gnd</subfield></datafield><datafield tag="689" ind1="0" ind2="0"><subfield code="0">(DE-588)4674421-6</subfield><subfield code="D">s</subfield><subfield code="a">Lesekompetenz</subfield><subfield code="5">DE-101</subfield></datafield><datafield tag="689" ind1="1" ind2="0"><subfield code="0">(DE-588)4059549-3</subfield><subfield code="D">s</subfield><subfield code="a">Test</subfield><subfield code="5">DE-101</subfield></datafield><datafield tag="852" ind1=" " ind2=" "><subfield code="a">Frei 129</subfield><subfield code="b">PHFR</subfield><subfield code="c">Psy T 330: 19</subfield></datafield><datafield tag="852" ind1=" " ind2=" "><subfield code="a">Frei 129</subfield><subfield code="b">PHFR</subfield><subfield code="c">Deu N 500: 226</subfield></datafield><datafield tag="856" ind1="4" ind2=" "><subfield code="8">00</subfield><subfield code="u">http://bvbr.bib-bvb.de:8991/F?func=service&amp;doc_library=BVB01&amp;doc_number=020308630&amp;line_number=0001&amp;func_code=DB_RECORDS&amp;service_type=MEDIA</subfield><subfield code="y">Verlagsinformation</subfield></datafield><datafield tag="980" ind1="0" ind2=" "><subfield code="a">00333542</subfield><subfield code="9">(PHFR)</subfield><subfield code="b">Handbibliothek (50)</subfield><subfield code="c">Psy T 330: 19</subfield><subfield code="d">Handbibliothek - nie verleihbar (54)</subfield><subfield code="e">Verfügbar (X)</subfield><subfield code="x">nur für berechtigten Benutzerkreis</subfield></datafield><datafield tag="980" ind1="0" ind2=" "><subfield code="a">00409971</subfield><subfield code="9">(PHFR)</subfield><subfield code="b">Handbibliothek (50)</subfield><subfield code="c">Deu N 500: 226</subfield><subfield code="d">Handbibliothek - nie verleihbar (54)</subfield><subfield code="e">Verfügbar (X)</subfield></datafield></record>