
<record><leader>03492nam a2200000uu 4500</leader><controlfield tag="001">02340654</controlfield><controlfield tag="003">DE-Frei129</controlfield><controlfield tag="005">20220811084033.0</controlfield><controlfield tag="007">tu</controlfield><controlfield tag="008">110905s2010    ||||||||||||||||||||ger||</controlfield><datafield tag="020" ind1=" " ind2=" "><subfield code="a">9783878706748</subfield><subfield code="9">978-3-87870-674-8</subfield></datafield><datafield tag="024" ind1="8" ind2=" "><subfield code="a">9115</subfield></datafield><datafield tag="035" ind1=" " ind2=" "><subfield code="a">(DE-576)725685085</subfield></datafield><datafield tag="041" ind1=" " ind2=" "><subfield code="a">ger</subfield></datafield><datafield tag="245" ind1="1" ind2="0"><subfield code="a">Blockhäuser und Hütten selbst gebaut</subfield><subfield code="c">Sven-Gunnar Håkansson. [Übers. und erg. Anm.: Gustav Adolf Petersson]</subfield></datafield><datafield tag="246" ind1="1" ind2="3"><subfield code="a">Från stock till stuga</subfield></datafield><datafield tag="250" ind1=" " ind2=" "><subfield code="a">Dt. Ausg., 5. Aufl.</subfield></datafield><datafield tag="260" ind1="3" ind2=" "><subfield code="a">Hannover</subfield><subfield code="b">Schäfer</subfield><subfield code="c">2010 2010</subfield></datafield><datafield tag="300" ind1=" " ind2=" "><subfield code="a">278  Seiten</subfield><subfield code="b">Ill., graph. Darst.</subfield><subfield code="c">25 cm</subfield></datafield><datafield tag="500" ind1=" " ind2=" "><subfield code="a">Aus dem Schwed. übers.</subfield></datafield><datafield tag="500" ind1=" " ind2=" "><subfield code="a">IMD-Felder und 1131 maschinell ergänzt</subfield></datafield><datafield tag="650" ind1=" " ind2="7"><subfield code="a">Blockbau</subfield><subfield code="0">(DE-Frei129)00159037</subfield><subfield code="0">(DE-588)4146022-4</subfield><subfield code="2">gnd</subfield></datafield><datafield tag="650" ind1=" " ind2="7"><subfield code="a">Selbstbau</subfield><subfield code="0">(DE-Frei129)00067215</subfield><subfield code="0">(DE-588)4180815-0</subfield><subfield code="2">gnd</subfield></datafield><datafield tag="655" ind1=" " ind2="7"><subfield code="a">Anleitung</subfield><subfield code="0">(DE-Frei129)00000011</subfield><subfield code="2">local</subfield></datafield><datafield tag="689" ind1="0" ind2="0"><subfield code="0">(DE-588)4146022-4</subfield><subfield code="D">s</subfield><subfield code="a">Blockbau </subfield></datafield><datafield tag="689" ind1="0" ind2="1"><subfield code="0">(DE-588)4180815-0</subfield><subfield code="D">s</subfield><subfield code="a">Selbstbau </subfield></datafield><datafield tag="689" ind1="0" ind2="2"><subfield code="A">s</subfield><subfield code="a">Anleitung</subfield><subfield code="5">DE-101</subfield></datafield><datafield tag="700" ind1="1" ind2=" "><subfield code="0">(DE-Frei129)00270985</subfield><subfield code="a">Håkansson, Sven-Gunnar</subfield><subfield code="4">aut</subfield></datafield><datafield tag="852" ind1=" " ind2=" "><subfield code="a">Frei 129</subfield><subfield code="b">PHFR</subfield><subfield code="c">ZS 5200 H999 (5)</subfield></datafield><datafield tag="980" ind1="0" ind2=" "><subfield code="a">00220354</subfield><subfield code="9">(PHFR)</subfield><subfield code="b">3.OG (37)</subfield><subfield code="c">ZS 5200 H999 (5)</subfield><subfield code="d">Standardleihe (01)</subfield><subfield code="e">Verfügbar (X)</subfield></datafield></record>