
<record><leader>02608nam a2200000uu 4500</leader><controlfield tag="001">02340537</controlfield><controlfield tag="003">DE-Frei129</controlfield><controlfield tag="005">20220811084033.0</controlfield><controlfield tag="007">tu</controlfield><controlfield tag="008">110825s2010    ||||||||||||||||||||ger||</controlfield><datafield tag="020" ind1=" " ind2=" "><subfield code="a">9783314017100</subfield><subfield code="9">978-3-314-01710-0</subfield><subfield code="c">kart. : EUR 15.95, EUR 16.40 (AT), sfr 28.00 (freier Pr.)</subfield></datafield><datafield tag="035" ind1=" " ind2=" "><subfield code="a">(DE-576)1612339115</subfield></datafield><datafield tag="041" ind1=" " ind2=" "><subfield code="a">ger</subfield><subfield code="a">tur</subfield></datafield><datafield tag="044" ind1=" " ind2=" "><subfield code="c">XA-DE-BY</subfield></datafield><datafield tag="245" ind1="1" ind2="4"><subfield code="a">Der Regenbogenfisch entdeckt die Tiefsee</subfield><subfield code="b">[Deutsch-Türkisch]</subfield><subfield code="c">Marcus Pfister</subfield></datafield><datafield tag="246" ind1="1" ind2="1"><subfield code="a">Gökkuşağı balığı derin denizleri keşfediyor</subfield></datafield><datafield tag="250" ind1=" " ind2=" "><subfield code="a">2. Aufl.</subfield></datafield><datafield tag="260" ind1="3" ind2=" "><subfield code="a">München</subfield><subfield code="b">Ed. bi:libri</subfield><subfield code="c">2010 2010</subfield></datafield><datafield tag="300" ind1=" " ind2=" "><subfield code="a">[28]  Seiten</subfield><subfield code="b">zahlr. Ill.</subfield><subfield code="c">287 mm x 215 mm</subfield></datafield><datafield tag="500" ind1=" " ind2=" "><subfield code="a">MP3-Hörbuch unter www.hoerfux.com</subfield></datafield><datafield tag="500" ind1=" " ind2=" "><subfield code="a">IMD-Felder und 1131 maschinell ergänzt</subfield></datafield><datafield tag="700" ind1="1" ind2=" "><subfield code="0">(DE-588)119495155</subfield><subfield code="0">(DE-Frei129)00094998</subfield><subfield code="a">Pfister, Marcus</subfield><subfield code="4">aut</subfield></datafield><datafield tag="852" ind1=" " ind2=" "><subfield code="a">Frei 129</subfield><subfield code="b">PHFR</subfield><subfield code="c">ED 5540 P529 R3 (2)</subfield></datafield><datafield tag="980" ind1="0" ind2=" "><subfield code="a">00333556</subfield><subfield code="9">(PHFR)</subfield><subfield code="b">Handbibliothek (50)</subfield><subfield code="c">JuLi D Pfi 1: 6</subfield><subfield code="d">Handbibliothek - nie verleihbar (54)</subfield><subfield code="e">Verfügbar (X)</subfield></datafield></record>