
<record><leader>05924nam a2200000uu 4500</leader><controlfield tag="001">02340519</controlfield><controlfield tag="003">DE-Frei129</controlfield><controlfield tag="005">20220811084033.0</controlfield><controlfield tag="007">tu</controlfield><controlfield tag="008">100505s2010    ||||||||||||||||||||ger||</controlfield><datafield tag="015" ind1=" " ind2=" "><subfield code="a">11,A02</subfield></datafield><datafield tag="016" ind1="7" ind2=" "><subfield code="a">1002015316</subfield><subfield code="2">DE-101</subfield></datafield><datafield tag="020" ind1=" " ind2=" "><subfield code="a">9783866309463</subfield><subfield code="9">9783866309463</subfield><subfield code="c">Pp. : EUR 19.80 (DE), EUR 20.40 (AT)</subfield></datafield><datafield tag="024" ind1="3" ind2=" "><subfield code="a">9783866309463</subfield></datafield><datafield tag="035" ind1=" " ind2=" "><subfield code="a">(DE-576)625378482</subfield></datafield><datafield tag="041" ind1=" " ind2=" "><subfield code="a">ger</subfield><subfield code="h">swe</subfield></datafield><datafield tag="044" ind1=" " ind2=" "><subfield code="c">XA-DE-NI</subfield></datafield><datafield tag="100" ind1="1" ind2=" "><subfield code="a">Skarman, Erik</subfield><subfield code="0">(DE-Frei129)00812404</subfield><subfield code="0">(DE-588)143088858</subfield></datafield><datafield tag="245" ind1="1" ind2="0"><subfield code="a">Bagger, Kräne &amp; Co</subfield><subfield code="b">24 geniale Mechanik-Spielzeuge aus Holz</subfield><subfield code="c">Erik Skarman. Übers.: Inga Nevermann-Balandis</subfield></datafield><datafield tag="246" ind1="1" ind2="3"><subfield code="a">Snickra träleksaker</subfield></datafield><datafield tag="260" ind1="3" ind2=" "><subfield code="a">Hannover</subfield><subfield code="b">Vincentz</subfield><subfield code="c">2010</subfield></datafield><datafield tag="300" ind1=" " ind2=" "><subfield code="a">79 Seiten</subfield><subfield code="b">zahlr. Ill., graph. Darst.</subfield><subfield code="c">261 mm x 194 mm</subfield></datafield><datafield tag="490" ind1="0" ind2=" "><subfield code="a">HolzWerken</subfield></datafield><datafield tag="500" ind1=" " ind2=" "><subfield code="a">Zusätzliches Online-Angebot unter www.HolzWerken.net</subfield></datafield><datafield tag="500" ind1=" " ind2=" "><subfield code="a">Aus dem schwed. übers.</subfield></datafield><datafield tag="500" ind1=" " ind2=" "><subfield code="a">IMD-Felder maschinell generiert (GBV)</subfield></datafield><datafield tag="520" ind1=" " ind2=" "><subfield code="a">Eine gut eingerichtete Hobby-Werkstatt und Erfahrung in der Holzbearbeitung sind Voraussetzung für den Nachbau der hier beschriebenen beweglichen und vielseitig funktionstüchtigen Nutzfahrzeuge zum Spielen für ca. 3- bis 9-Jährige. (Gesa Götz)</subfield></datafield><datafield tag="520" ind1=" " ind2=" "><subfield code="a">Dieses Werkbuch setzt einigen Sachverstand voraus, denn anfangs geht der Autor zwar auf Material, Zubehör und die nützliche Ergänzung der vorausgesetzten Hobbywerkstatt durch Schleiftisch, Bohrständer, Drechselbank und einer Fräsvorrichtung ein, doch deren Handhabung und die Umsetzung vieler der beschriebenen Projekte setzt praktische Erfahrung und technisches Verständnis voraus. Sind die einfacheren Spielsachen für die Kleinsten, wie Rasseln, Greifspielzeug und Schiebetiere im Anspruch noch vergleichbar mit Arbeiten in &quot;Selbst gemachtes Holzspielzeug&quot; und &quot;Spielsachen aus Holz&quot; (BA 7/05; 11/04), so erfordert der Nachbau der voll beweglichen Bau- u.a. Spezialfahrzeuge für größere Kinder auf Grundlage der maßstäblichen Seit- und Draufsichten, Ganz- und Teilfotos sowie komprimierter Anleitungen doch einigen Durchblick und - wie der Autor selbst sagt - Spaß am Tüfteln. Die wirklich beeindruckende Beweglichkeit und die vielseitigen Spielfunktionen von Bagger, Kränen &amp; Co. werden u.a. durch die Verwendung vieler Schraubverbindungen erreicht, die z.T. jedoch optisch verbesserungsfähig wären. Ohne Pendant. (2) (Gesa Götz)</subfield></datafield><datafield tag="650" ind1=" " ind2="7"><subfield code="a">Holzspielzeug</subfield><subfield code="0">(DE-Frei129)00011364</subfield><subfield code="0">(DE-588)4025747-2</subfield><subfield code="2">gnd</subfield></datafield><datafield tag="650" ind1=" " ind2="7"><subfield code="a">Holzarbeit</subfield><subfield code="0">(DE-Frei129)00011332</subfield><subfield code="0">(DE-588)4025675-3</subfield><subfield code="2">gnd</subfield></datafield><datafield tag="689" ind1="0" ind2="0"><subfield code="0">(DE-588)4025747-2</subfield><subfield code="D">s</subfield><subfield code="a">Holzspielzeug </subfield></datafield><datafield tag="689" ind1="0" ind2="1"><subfield code="0">(DE-588)4025675-3</subfield><subfield code="D">s</subfield><subfield code="a">Holzarbeit</subfield><subfield code="5">DE-101</subfield></datafield><datafield tag="700" ind1="1" ind2=" "><subfield code="0">(DE-Frei129)58042218</subfield><subfield code="a">Nevermann-Balandis, Inga</subfield><subfield code="4">oth</subfield></datafield><datafield tag="852" ind1=" " ind2=" "><subfield code="a">Frei 129</subfield><subfield code="b">PHFR</subfield><subfield code="c">ZS 8100 S626</subfield></datafield><datafield tag="856" ind1="4" ind2=" "><subfield code="8">00</subfield><subfield code="u">http://d-nb.info/1002015316/04</subfield><subfield code="y">Inhaltsverzeichnis</subfield></datafield><datafield tag="856" ind1="4" ind2=" "><subfield code="8">01</subfield><subfield code="u">http://d-nb.info/1002015316/04</subfield><subfield code="y">Verlagsinformation</subfield></datafield><datafield tag="980" ind1="0" ind2=" "><subfield code="a">00220675</subfield><subfield code="9">(PHFR)</subfield><subfield code="b">3.OG (37)</subfield><subfield code="c">ZS 8100 S626</subfield><subfield code="d">Standardleihe (01)</subfield><subfield code="e">Verfügbar (X)</subfield></datafield></record>