
<record><leader>04388nam a2200000uu 4500</leader><controlfield tag="001">02340358</controlfield><controlfield tag="003">DE-Frei129</controlfield><controlfield tag="005">20220811084033.0</controlfield><controlfield tag="007">tu</controlfield><controlfield tag="008">110817s2010    |||||||||m||||||||||ger||</controlfield><datafield tag="015" ind1=" " ind2=" "><subfield code="a">11,A24</subfield></datafield><datafield tag="016" ind1="7" ind2=" "><subfield code="a">1009561278</subfield><subfield code="2">DE-101</subfield></datafield><datafield tag="020" ind1=" " ind2=" "><subfield code="a">9783832295523</subfield><subfield code="9">9783832295523</subfield><subfield code="c">kart. : EUR 35.80 (DE), EUR 35.80 (AT), sfr 71.60 (freier Pr.)</subfield></datafield><datafield tag="024" ind1="3" ind2=" "><subfield code="a">9783832295523</subfield></datafield><datafield tag="035" ind1=" " ind2=" "><subfield code="a">(DE-576)1612170390</subfield></datafield><datafield tag="041" ind1=" " ind2=" "><subfield code="a">ger</subfield><subfield code="a">eng</subfield></datafield><datafield tag="044" ind1=" " ind2=" "><subfield code="c">XA-DE-NW</subfield></datafield><datafield tag="100" ind1="1" ind2=" "><subfield code="a">Dominik, Alfred Othmar</subfield><subfield code="0">(DE-Frei129)00809079</subfield></datafield><datafield tag="245" ind1="1" ind2="0"><subfield code="a">MATHEMATICA-Paletten als Lern- und Experimentiertools im mathematisch-naturwissenschaftlichen Unterricht</subfield><subfield code="c">Alfred Othmar Dominik</subfield></datafield><datafield tag="260" ind1="3" ind2=" "><subfield code="a">Aachen</subfield><subfield code="b">Shaker-Verl</subfield><subfield code="c">2010</subfield></datafield><datafield tag="300" ind1=" " ind2=" "><subfield code="a">II, 172 Seiten</subfield><subfield code="b">graph. Darst.</subfield><subfield code="c">21 cm, 263 g</subfield></datafield><datafield tag="490" ind1="1" ind2=" "><subfield code="a">Schriften zur Didaktik der Mathematik und Informatik an der Universität Salzburg </subfield><subfield code="v">Bd. 4</subfield></datafield><datafield tag="500" ind1=" " ind2=" "><subfield code="a">Salzburg</subfield></datafield><datafield tag="502" ind1=" " ind2=" "><subfield code="a">Zugl.: Salzburg, Univ., Diss., 2003</subfield></datafield><datafield tag="650" ind1=" " ind2="7"><subfield code="a">Mathematica</subfield><subfield code="x">Programm</subfield><subfield code="0">(DE-Frei129)00082103</subfield><subfield code="0">(DE-588)4268208-3</subfield><subfield code="2">gnd</subfield></datafield><datafield tag="650" ind1=" " ind2="7"><subfield code="a">Mathematikunterricht</subfield><subfield code="0">(DE-Frei129)00016130</subfield><subfield code="0">(DE-588)4037949-8</subfield><subfield code="2">gnd</subfield></datafield><datafield tag="651" ind1=" " ind2="7"><subfield code="a">Programm</subfield><subfield code="0">(DE-Frei129)00757374</subfield><subfield code="2">local</subfield></datafield><datafield tag="689" ind1="0" ind2="0"><subfield code="0">(DE-588)4268208-3</subfield><subfield code="D">s</subfield><subfield code="a">Mathematica / Programm </subfield></datafield><datafield tag="689" ind1="0" ind2="1"><subfield code="A">s</subfield><subfield code="a">Programm </subfield></datafield><datafield tag="689" ind1="0" ind2="2"><subfield code="0">(DE-588)4037949-8</subfield><subfield code="D">s</subfield><subfield code="a">Mathematikunterricht</subfield><subfield code="5">DE-101</subfield></datafield><datafield tag="830" ind1=" " ind2="0"><subfield code="a">Schriften zur Didaktik der Mathematik und Informatik an der Universität Salzburg</subfield><subfield code="v">Bd. 4</subfield><subfield code="w">(DE-Frei129)00297731</subfield><subfield code="9">14</subfield></datafield><datafield tag="852" ind1=" " ind2=" "><subfield code="a">Frei129</subfield><subfield code="c">Math N 640: 24</subfield></datafield><datafield tag="856" ind1="4" ind2=" "><subfield code="8">00</subfield><subfield code="u">http://d-nb.info/1009561278/04</subfield><subfield code="y">Inhaltsverzeichnis</subfield></datafield><datafield tag="980" ind1="0" ind2=" "><subfield code="a">00220542</subfield><subfield code="9">(PHFR)</subfield><subfield code="b">UG (33)</subfield><subfield code="c">Math N 640: 24</subfield><subfield code="d">Standardleihe (01)</subfield><subfield code="e">Verfügbar (X)</subfield></datafield></record>