
<record><leader>02332nam a2200000uuc4500</leader><controlfield tag="001">02340277</controlfield><controlfield tag="003">DE-Frei129</controlfield><controlfield tag="005">20220811084033.0</controlfield><controlfield tag="007">tu</controlfield><controlfield tag="008">110811s2010    ||||||||||||||||||||ger||</controlfield><datafield tag="020" ind1=" " ind2=" "><subfield code="a">9783619255207</subfield><subfield code="9">9783619255207</subfield><subfield code="c">geh. : EUR 7.60, sfr 14.00 (freier Pr.) (jeweils H. 1-4)</subfield></datafield><datafield tag="024" ind1="3" ind2=" "><subfield code="a">9783619255207</subfield></datafield><datafield tag="035" ind1=" " ind2=" "><subfield code="a">(DE-576)1418532398</subfield></datafield><datafield tag="041" ind1=" " ind2=" "><subfield code="a">ger</subfield></datafield><datafield tag="044" ind1=" " ind2=" "><subfield code="c">XA-DE-BW</subfield></datafield><datafield tag="245" ind1="1" ind2="0"><subfield code="a">Mathetiger</subfield><subfield code="n">2, Band 2</subfield><subfield code="c">Autoren: Matthias Heidenreich; Martina Kinkel-Craciunescu und Thomas Laubis</subfield></datafield><datafield tag="250" ind1=" " ind2=" "><subfield code="a">[Neubearb.], [Jahrszeiten-Hefte], 2. Aufl.</subfield></datafield><datafield tag="260" ind1="3" ind2=" "><subfield code="a">Offenburg</subfield><subfield code="b">Mildenberger</subfield><subfield code="c">2010</subfield></datafield><datafield tag="300" ind1=" " ind2=" "><subfield code="a">39 Seiten</subfield><subfield code="b">zahlr. Ill.</subfield><subfield code="c">30 cm</subfield></datafield><datafield tag="500" ind1=" " ind2=" "><subfield code="a">Archivierung/Langzeitarchivierung gewährleistet</subfield></datafield><datafield tag="773" ind1="0" ind2="8"><subfield code="w">(DE-Frei129)01276195</subfield><subfield code="q">JAHR12HEFT121242010</subfield></datafield><datafield tag="852" ind1=" " ind2=" "><subfield code="a">Frei129</subfield><subfield code="c">Math O 200: 91 ,2/2</subfield></datafield><datafield tag="980" ind1="0" ind2=" "><subfield code="a">00233066</subfield><subfield code="9">(PHFR)</subfield><subfield code="b">UG (33)</subfield><subfield code="c">Math O 200: 91 ,2/2</subfield><subfield code="d">Präsenzbestand II (51)</subfield><subfield code="e">Verfügbar (X)</subfield></datafield></record>