
<record><leader>01749nam a2200000uu 4500</leader><controlfield tag="001">02340128</controlfield><controlfield tag="003">DE-Frei129</controlfield><controlfield tag="005">20220811084033.0</controlfield><controlfield tag="007">tu</controlfield><controlfield tag="008">110802s2010    |||||||||m||||||||||ger||</controlfield><datafield tag="035" ind1=" " ind2=" "><subfield code="a">(DE-576)1418108340</subfield></datafield><datafield tag="041" ind1=" " ind2=" "><subfield code="a">ger</subfield></datafield><datafield tag="100" ind1="1" ind2=" "><subfield code="a">Schöpperle, Felix</subfield><subfield code="0">(DE-Frei129)00809058</subfield></datafield><datafield tag="245" ind1="1" ind2="0"><subfield code="a">Konzeptionserstellung für einen Verein für Menschen mit geistiger Behinderung</subfield><subfield code="b">mit besonderem Blick auf die pädagogischen und rechtlichen Aspekte</subfield><subfield code="c">Felix Schöpperle</subfield></datafield><datafield tag="260" ind1="3" ind2=" "><subfield code="c">2010</subfield></datafield><datafield tag="300" ind1=" " ind2=" "><subfield code="a">133  Seiten</subfield></datafield><datafield tag="502" ind1=" " ind2=" "><subfield code="a">Freiburg, Paed. Hochsch., Diplomarb., Sozialpädagogik, Gruppenpädagogik, 2010</subfield></datafield><datafield tag="852" ind1=" " ind2=" "><subfield code="a">Frei129</subfield><subfield code="c">Dipl 2023</subfield></datafield><datafield tag="980" ind1="0" ind2=" "><subfield code="a">00220013</subfield><subfield code="9">(PHFR)</subfield><subfield code="b">Magazin (20)</subfield><subfield code="c">Dipl 2023</subfield><subfield code="d">Standardleihe, bestellbar (Magazin) (03)</subfield><subfield code="e">Verfügbar (X)</subfield></datafield></record>