
<record><leader>06885nam a2200000uu 4500</leader><controlfield tag="001">02339952</controlfield><controlfield tag="003">DE-Frei129</controlfield><controlfield tag="005">20220811084033.0</controlfield><controlfield tag="007">tu</controlfield><controlfield tag="008">110202s2010    ||||||||||||||||||||ger||</controlfield><datafield tag="020" ind1=" " ind2=" "><subfield code="a">3631617860</subfield><subfield code="9">3631617860</subfield><subfield code="c">Pp.</subfield></datafield><datafield tag="020" ind1=" " ind2=" "><subfield code="a">9783631617861</subfield><subfield code="9">9783631617861</subfield><subfield code="c">Pp. : EUR 32.80 (DE), EUR 33.80 (AT), sfr 48.00 (freier Pr.)</subfield></datafield><datafield tag="035" ind1=" " ind2=" "><subfield code="a">(DE-576)64511166X</subfield></datafield><datafield tag="041" ind1=" " ind2=" "><subfield code="a">ger</subfield></datafield><datafield tag="044" ind1=" " ind2=" "><subfield code="c">XA-DE-HE</subfield><subfield code="c">XA-CH</subfield><subfield code="c">XA-BE</subfield></datafield><datafield tag="100" ind1="1" ind2=" "><subfield code="a">Löffler, Simone N.</subfield><subfield code="0">(DE-Frei129)00812481</subfield><subfield code="0">(DE-588)143852086</subfield></datafield><datafield tag="245" ind1="1" ind2="0"><subfield code="a">Emotionen, Lernen und Gedächtnis im Lebensalltag</subfield><subfield code="b">interaktives psychophysiologisches Monitoring in Labor und Feld</subfield><subfield code="c">Simone N. Löffler; Martin Peper</subfield></datafield><datafield tag="260" ind1="3" ind2=" "><subfield code="a">Frankfurt am Main [u.a.]</subfield><subfield code="b">Lang</subfield><subfield code="c">2010</subfield></datafield><datafield tag="300" ind1=" " ind2=" "><subfield code="a">154 Seiten</subfield><subfield code="b">Ill., graph. Darst.</subfield><subfield code="c">22 cm</subfield></datafield><datafield tag="490" ind1="1" ind2=" "><subfield code="a">Psychophysiologie in Labor und Feld </subfield><subfield code="v">Bd. 16</subfield></datafield><datafield tag="500" ind1=" " ind2=" "><subfield code="a">Literaturverz. S.143 - 153</subfield></datafield><datafield tag="500" ind1=" " ind2=" "><subfield code="a">Erscheinungsjahr in Vorlageform:2010</subfield></datafield><datafield tag="500" ind1=" " ind2=" "><subfield code="a">IMD-Felder maschinell generiert (GBV)</subfield></datafield><datafield tag="650" ind1=" " ind2="7"><subfield code="a">Gefühl</subfield><subfield code="0">(DE-Frei129)00006865</subfield><subfield code="0">(DE-588)4019702-5</subfield><subfield code="2">gnd</subfield></datafield><datafield tag="650" ind1=" " ind2="7"><subfield code="a">Kognition</subfield><subfield code="0">(DE-Frei129)00012089</subfield><subfield code="0">(DE-588)4031630-0</subfield><subfield code="2">gnd</subfield></datafield><datafield tag="650" ind1=" " ind2="7"><subfield code="a">Gedächtnisleistung</subfield><subfield code="0">(DE-Frei129)00040343</subfield><subfield code="0">(DE-588)4123259-8</subfield><subfield code="2">gnd</subfield></datafield><datafield tag="650" ind1=" " ind2="7"><subfield code="a">Lernerfolg</subfield><subfield code="0">(DE-Frei129)00042212</subfield><subfield code="0">(DE-588)4125753-4</subfield><subfield code="2">gnd</subfield></datafield><datafield tag="650" ind1=" " ind2="7"><subfield code="a">Physiologische Psychologie</subfield><subfield code="0">(DE-Frei129)00019790</subfield><subfield code="0">(DE-588)4076126-5</subfield><subfield code="2">gnd</subfield></datafield><datafield tag="650" ind1=" " ind2="7"><subfield code="a">Monitoring</subfield><subfield code="0">(DE-Frei129)00075660</subfield><subfield code="0">(DE-588)4209015-5</subfield><subfield code="2">gnd</subfield></datafield><datafield tag="650" ind1=" " ind2="7"><subfield code="a">Emotions</subfield><subfield code="0">(DE-Frei129)00238303</subfield><subfield code="2">local</subfield></datafield><datafield tag="650" ind1=" " ind2="7"><subfield code="a">Cognition</subfield><subfield code="0">(DE-Frei129)00344995</subfield><subfield code="2">local</subfield></datafield><datafield tag="689" ind1="0" ind2="0"><subfield code="0">(DE-588)4019702-5</subfield><subfield code="D">s</subfield><subfield code="a">Gefühl </subfield></datafield><datafield tag="689" ind1="0" ind2="1"><subfield code="0">(DE-588)4031630-0</subfield><subfield code="D">s</subfield><subfield code="a">Kognition </subfield></datafield><datafield tag="689" ind1="0" ind2="2"><subfield code="0">(DE-588)4123259-8</subfield><subfield code="D">s</subfield><subfield code="a">Gedächtnisleistung </subfield></datafield><datafield tag="689" ind1="0" ind2="3"><subfield code="0">(DE-588)4125753-4</subfield><subfield code="D">s</subfield><subfield code="a">Lernerfolg </subfield></datafield><datafield tag="689" ind1="0" ind2="4"><subfield code="0">(DE-588)4076126-5</subfield><subfield code="D">s</subfield><subfield code="a">Physiologische Psychologie </subfield></datafield><datafield tag="689" ind1="0" ind2="5"><subfield code="0">(DE-588)4209015-5</subfield><subfield code="D">s</subfield><subfield code="a">Monitoring</subfield><subfield code="5">DE-101</subfield></datafield><datafield tag="689" ind1="1" ind2="0"><subfield code="A">s</subfield><subfield code="a">Emotions</subfield><subfield code="5">DE-101</subfield></datafield><datafield tag="689" ind1="2" ind2="0"><subfield code="A">s</subfield><subfield code="a">Cognition</subfield><subfield code="5">DE-101</subfield></datafield><datafield tag="700" ind1="1" ind2=" "><subfield code="0">(DE-588)112999549</subfield><subfield code="0">(DE-Frei129)00518291</subfield><subfield code="a">Peper, Martin</subfield><subfield code="4">aut</subfield></datafield><datafield tag="830" ind1=" " ind2="0"><subfield code="a">Psychophysiologie in Labor und Feld</subfield><subfield code="v">Bd. 16</subfield><subfield code="w">(DE-Frei129)01655926</subfield><subfield code="9">216</subfield></datafield><datafield tag="852" ind1=" " ind2=" "><subfield code="a">Frei129</subfield><subfield code="c">Psy B 20: 113</subfield></datafield><datafield tag="856" ind1="4" ind2=" "><subfield code="8">00</subfield><subfield code="u">http://d-nb.info/1009780034/04</subfield><subfield code="y">Kurzbeschreibung des Verlags</subfield></datafield><datafield tag="856" ind1="4" ind2=" "><subfield code="8">01</subfield><subfield code="u">http://bvbr.bib-bvb.de:8991/F?func=service&amp;doc_library=BVB01&amp;doc_number=022540034&amp;line_number=0001&amp;func_code=DB_RECORDS&amp;service_type=MEDIA</subfield><subfield code="y">Zum Online-Dokument</subfield></datafield><datafield tag="980" ind1="0" ind2=" "><subfield code="a">00220319</subfield><subfield code="9">(PHFR)</subfield><subfield code="b">EG-Anbau (32)</subfield><subfield code="c">Psy B 20: 113</subfield><subfield code="d">Standardleihe (01)</subfield><subfield code="e">Verfügbar (X)</subfield></datafield></record>