
<record><leader>02770nam a2200000uu 4500</leader><controlfield tag="001">02339909</controlfield><controlfield tag="003">DE-Frei129</controlfield><controlfield tag="005">20220811084033.0</controlfield><controlfield tag="007">tu</controlfield><controlfield tag="008">110718s2010    ||||||||||||||||||||ger||</controlfield><datafield tag="015" ind1=" " ind2=" "><subfield code="a">10,N15</subfield></datafield><datafield tag="016" ind1="7" ind2=" "><subfield code="a">1001389190</subfield><subfield code="2">DE-101</subfield></datafield><datafield tag="020" ind1=" " ind2=" "><subfield code="a">9783839140246</subfield><subfield code="9">9783839140246</subfield><subfield code="c">PB. : EUR 69.95, sfr 109.00 (freier Pr.)</subfield></datafield><datafield tag="024" ind1="3" ind2=" "><subfield code="a">9783839140246</subfield></datafield><datafield tag="035" ind1=" " ind2=" "><subfield code="a">(DE-576)1611603692</subfield></datafield><datafield tag="041" ind1=" " ind2=" "><subfield code="a">ger</subfield></datafield><datafield tag="044" ind1=" " ind2=" "><subfield code="c">XA-DE-SH</subfield></datafield><datafield tag="245" ind1="1" ind2="5"><subfield code="a">Eine universelle Kompositionslehre</subfield><subfield code="b">zudem eine universelle Kunsttheorie sowie künstlerische Methodenlehre</subfield><subfield code="c">Michael Becker</subfield></datafield><datafield tag="250" ind1=" " ind2=" "><subfield code="a">1. Aufl.</subfield></datafield><datafield tag="260" ind1="3" ind2=" "><subfield code="a">Norderstedt</subfield><subfield code="b">Books on Demand</subfield><subfield code="c">2010</subfield></datafield><datafield tag="300" ind1=" " ind2=" "><subfield code="a">386 Seiten</subfield><subfield code="b">zahlr. Ill. (z.T. farb.)</subfield><subfield code="c">220 mm x 170 mm, 1471 gr.</subfield></datafield><datafield tag="700" ind1="1" ind2=" "><subfield code="0">(DE-588)141071575</subfield><subfield code="0">(DE-Frei129)00812221</subfield><subfield code="a">Becker, Michael</subfield><subfield code="4">aut</subfield></datafield><datafield tag="852" ind1=" " ind2=" "><subfield code="a">Frei 129</subfield><subfield code="b">PHFR</subfield><subfield code="c">LR 55000 B395</subfield></datafield><datafield tag="856" ind1="4" ind2=" "><subfield code="8">00</subfield><subfield code="u">http://deposit.d-nb.de/cgi-bin/dokserv?id=3451755&amp;prov=M&amp;dok_var=1&amp;dok_ext=htm</subfield><subfield code="y">Inhaltstext</subfield></datafield><datafield tag="980" ind1="0" ind2=" "><subfield code="a">00221752</subfield><subfield code="9">(PHFR)</subfield><subfield code="b">3.OG (37)</subfield><subfield code="c">LR 55000 B395</subfield><subfield code="d">Standardleihe (01)</subfield><subfield code="e">Verfügbar (X)</subfield></datafield></record>