
<record><leader>03693nam a2200000uu 4500</leader><controlfield tag="001">02339891</controlfield><controlfield tag="003">DE-Frei129</controlfield><controlfield tag="005">20220811084033.0</controlfield><controlfield tag="007">tu</controlfield><controlfield tag="008">110317s2010    |||||||||m||||||||||ger||</controlfield><datafield tag="015" ind1=" " ind2=" "><subfield code="a">11,A17</subfield></datafield><datafield tag="016" ind1="7" ind2=" "><subfield code="a">1010928139</subfield><subfield code="2">DE-101</subfield></datafield><datafield tag="020" ind1=" " ind2=" "><subfield code="a">9783640843305</subfield><subfield code="9">9783640843305</subfield><subfield code="c">kart.</subfield></datafield><datafield tag="035" ind1=" " ind2=" "><subfield code="a">(DE-576)654376638</subfield></datafield><datafield tag="041" ind1=" " ind2=" "><subfield code="a">ger</subfield></datafield><datafield tag="044" ind1=" " ind2=" "><subfield code="c">XA-DE</subfield><subfield code="c">XA-DE-BY</subfield></datafield><datafield tag="100" ind1="1" ind2=" "><subfield code="a">Shkonda, Anna</subfield><subfield code="0">(DE-Frei129)00812488</subfield><subfield code="0">(DE-588)143971905</subfield></datafield><datafield tag="245" ind1="1" ind2="0"><subfield code="a">Integriertes Bildungs(system)design</subfield><subfield code="b">Strategie fuer eine systemische Konzeption von Bildungsangeboten am Beispiel der wissenschaftlichen Weiterbildung</subfield><subfield code="c">Anna Shkonda</subfield></datafield><datafield tag="246" ind1="1" ind2="0"><subfield code="a">Integriertes Bildungsdesign</subfield></datafield><datafield tag="250" ind1=" " ind2=" "><subfield code="a">1. Aufl.</subfield></datafield><datafield tag="260" ind1="3" ind2=" "><subfield code="a">München</subfield><subfield code="b">Grin-Verlag</subfield><subfield code="c">2010</subfield></datafield><datafield tag="300" ind1=" " ind2=" "><subfield code="a">X, 266 Seiten</subfield><subfield code="b">graph. Darst.</subfield><subfield code="c">21 cm</subfield></datafield><datafield tag="500" ind1=" " ind2=" "><subfield code="a">Magdeburg</subfield></datafield><datafield tag="500" ind1=" " ind2=" "><subfield code="a">IMD-Felder maschinell generiert (GBV)</subfield></datafield><datafield tag="502" ind1=" " ind2=" "><subfield code="a">Zugl.: Magdeburg, Univ., Fak. für Geistes-, Sozial- und Erziehungswiss., Diss., 2010</subfield></datafield><datafield tag="650" ind1=" " ind2="7"><subfield code="a">Wissenschaftliche Weiterbildung</subfield><subfield code="0">(DE-Frei129)00013971</subfield><subfield code="0">(DE-588)4258104-7</subfield><subfield code="2">gnd</subfield></datafield><datafield tag="689" ind1="0" ind2="0"><subfield code="0">(DE-588)4258104-7</subfield><subfield code="D">s</subfield><subfield code="a">Wissenschaftliche Weiterbildung</subfield><subfield code="5">DE-101</subfield></datafield><datafield tag="700" ind1="1" ind2=" "><subfield code="0">(DE-Frei129)01044426</subfield><subfield code="a">Girmes, Renate</subfield><subfield code="4">oth</subfield></datafield><datafield tag="852" ind1=" " ind2=" "><subfield code="a">Frei129</subfield><subfield code="c">Paed P 350: 38</subfield></datafield><datafield tag="856" ind1="4" ind2=" "><subfield code="8">00</subfield><subfield code="u">http://d-nb.info/1010928139/04</subfield><subfield code="y">Inhaltsverzeichnis</subfield></datafield><datafield tag="980" ind1="0" ind2=" "><subfield code="a">00220423</subfield><subfield code="9">(PHFR)</subfield><subfield code="b">EG-Anbau (32)</subfield><subfield code="c">Paed P 350: 38</subfield><subfield code="d">Standardleihe (01)</subfield><subfield code="e">Verfügbar (X)</subfield></datafield></record>