
<record><leader>01628nam a2200000uuc4500</leader><controlfield tag="001">02339886</controlfield><controlfield tag="003">DE-Frei129</controlfield><controlfield tag="005">20220811084033.0</controlfield><controlfield tag="007">tu</controlfield><controlfield tag="008">110718s2010    ||||||||||||||||||||eng||</controlfield><datafield tag="020" ind1=" " ind2=" "><subfield code="a">9781902214948</subfield><subfield code="9">978-1-902214-94-8</subfield></datafield><datafield tag="035" ind1=" " ind2=" "><subfield code="a">(DE-576)1417416076</subfield></datafield><datafield tag="041" ind1=" " ind2=" "><subfield code="a">eng</subfield></datafield><datafield tag="245" ind1="1" ind2="0"><subfield code="a">Maths on target</subfield><subfield code="n">6, [Hauptbd.]</subfield><subfield code="c">Stephen Pearce</subfield></datafield><datafield tag="250" ind1=" " ind2=" "><subfield code="a">1. publ., repr.</subfield></datafield><datafield tag="260" ind1="3" ind2=" "><subfield code="a">Welwyn Garden City</subfield><subfield code="b">Elmwood Press</subfield><subfield code="c">2010</subfield></datafield><datafield tag="300" ind1=" " ind2=" "><subfield code="a">135  Seiten</subfield></datafield><datafield tag="773" ind1="0" ind2="8"><subfield code="w">(DE-Frei129)02339878</subfield><subfield code="q">16HAUP1142010</subfield></datafield><datafield tag="980" ind1="0" ind2=" "><subfield code="a">00283330</subfield><subfield code="9">(PHFR)</subfield><subfield code="b">Handbibliothek (50)</subfield><subfield code="d">Handbibliothek - nie verleihbar (54)</subfield><subfield code="e">Verfügbar (X)</subfield></datafield></record>