
<record><leader>03386nam a2200000uu 4500</leader><controlfield tag="001">02339860</controlfield><controlfield tag="003">DE-Frei129</controlfield><controlfield tag="005">20220811084033.0</controlfield><controlfield tag="007">tu</controlfield><controlfield tag="008">110715s2010    ||||||||||||||||||||ger||</controlfield><datafield tag="015" ind1=" " ind2=" "><subfield code="a">10,A35</subfield></datafield><datafield tag="016" ind1="7" ind2=" "><subfield code="a">998798819</subfield><subfield code="2">DE-101</subfield></datafield><datafield tag="020" ind1=" " ind2=" "><subfield code="a">9783931081652</subfield><subfield code="9">978-3-931081-65-2</subfield><subfield code="c">fest geb.: EUR 9,80</subfield></datafield><datafield tag="024" ind1="3" ind2=" "><subfield code="a">9783931081652</subfield></datafield><datafield tag="035" ind1=" " ind2=" "><subfield code="a">(DE-576)615164145</subfield></datafield><datafield tag="041" ind1=" " ind2=" "><subfield code="a">ger</subfield></datafield><datafield tag="044" ind1=" " ind2=" "><subfield code="c">XA-DE-NI</subfield></datafield><datafield tag="245" ind1="1" ind2="0"><subfield code="a">Wie der Tiger zählen lernt</subfield><subfield code="c">Janosch</subfield></datafield><datafield tag="250" ind1=" " ind2=" "><subfield code="a">Neu Arrangiert, 1. Aufl.</subfield></datafield><datafield tag="260" ind1="3" ind2=" "><subfield code="a">Gifkendorf</subfield><subfield code="b">Little-Tiger-Verl.</subfield><subfield code="c">2010 2010</subfield></datafield><datafield tag="300" ind1=" " ind2=" "><subfield code="a">40  Seiten</subfield><subfield code="b">zahlr. Ill.</subfield><subfield code="c">27 cm</subfield><subfield code="e">1 Poster</subfield></datafield><datafield tag="490" ind1="0" ind2=" "><subfield code="a">Little tiger books</subfield></datafield><datafield tag="500" ind1=" " ind2=" "><subfield code="a">IMD-Felder und 1131 maschinell ergänzt</subfield></datafield><datafield tag="650" ind1=" " ind2="7"><subfield code="a">Zählen</subfield><subfield code="0">(DE-Frei129)00070893</subfield><subfield code="0">(DE-588)4190458-8</subfield><subfield code="2">gnd</subfield></datafield><datafield tag="655" ind1=" " ind2="7"><subfield code="a">Bilderbuch</subfield><subfield code="0">(DE-Frei129)00000373</subfield><subfield code="2">local</subfield></datafield><datafield tag="689" ind1="0" ind2="0"><subfield code="0">(DE-588)4190458-8</subfield><subfield code="D">s</subfield><subfield code="a">Zählen </subfield></datafield><datafield tag="689" ind1="0" ind2="1"><subfield code="A">s</subfield><subfield code="a">Bilderbuch</subfield><subfield code="5">DE-101</subfield></datafield><datafield tag="700" ind1="0" ind2=" "><subfield code="0">(DE-588)118556940</subfield><subfield code="0">(DE-Frei129)00073358</subfield><subfield code="a">Janosch</subfield><subfield code="4">aut</subfield></datafield><datafield tag="852" ind1=" " ind2=" "><subfield code="a">Frei 129</subfield><subfield code="b">PHFR</subfield><subfield code="c">ED 5540 J34 W6 (N)</subfield></datafield><datafield tag="980" ind1="0" ind2=" "><subfield code="a">00283343</subfield><subfield code="9">(PHFR)</subfield><subfield code="b">Handbibliothek (50)</subfield><subfield code="c">JuLi D Jan 3: 7</subfield><subfield code="d">Handbibliothek - nie verleihbar (54)</subfield><subfield code="e">Verfügbar (X)</subfield></datafield></record>