
<record><leader>02873nam a2200000uu 4500</leader><controlfield tag="001">02339813</controlfield><controlfield tag="003">DE-Frei129</controlfield><controlfield tag="005">20220811084033.0</controlfield><controlfield tag="007">tu</controlfield><controlfield tag="008">110713s2010    ||||||||||||||||||||ger||</controlfield><datafield tag="015" ind1=" " ind2=" "><subfield code="a">10,N49</subfield></datafield><datafield tag="016" ind1="7" ind2=" "><subfield code="a">1008664731</subfield><subfield code="2">DE-101</subfield></datafield><datafield tag="020" ind1=" " ind2=" "><subfield code="a">9783033026919</subfield><subfield code="9">978-3-03-302691-9</subfield><subfield code="c">sfr 55.00 (freier Pr.)</subfield></datafield><datafield tag="024" ind1="3" ind2=" "><subfield code="a">9783033026919</subfield></datafield><datafield tag="035" ind1=" " ind2=" "><subfield code="a">(DE-576)1611516927</subfield></datafield><datafield tag="041" ind1=" " ind2=" "><subfield code="a">ger</subfield><subfield code="a">eng</subfield></datafield><datafield tag="245" ind1="1" ind2="0"><subfield code="a">Peter Gysi</subfield><subfield code="b">Werke 1981 - 2010</subfield><subfield code="c">mit Texten von Dominik Imhof ... [Hrsg. von d. Kunstkommission des Kantons Bern]</subfield></datafield><datafield tag="260" ind1="3" ind2=" "><subfield code="a">[Burgdorf]</subfield><subfield code="b">Gysi</subfield><subfield code="c">2010 2010</subfield></datafield><datafield tag="300" ind1=" " ind2=" "><subfield code="a">186  Seiten</subfield><subfield code="b">überw. Ill.</subfield><subfield code="c">260 mm x 190 mm, 830 g</subfield></datafield><datafield tag="500" ind1=" " ind2=" "><subfield code="a">5090: ddsu/sred</subfield></datafield><datafield tag="700" ind1="1" ind2=" "><subfield code="0">(DE-588)122506138</subfield><subfield code="0">(DE-Frei129)01226523</subfield><subfield code="a">Gysi, Peter</subfield><subfield code="4">oth</subfield></datafield><datafield tag="700" ind1="1" ind2=" "><subfield code="0">(DE-Frei129)00807742</subfield><subfield code="a">Imhof, Dominik</subfield><subfield code="4">oth</subfield></datafield><datafield tag="710" ind1="2" ind2=" "><subfield code="0">(DE-Frei129)00249716</subfield><subfield code="0">(DE-588)16289003-5</subfield><subfield code="a">Kanton Bern</subfield><subfield code="b">Kunstkommission</subfield><subfield code="4">oth</subfield></datafield><datafield tag="852" ind1=" " ind2=" "><subfield code="a">Frei 129</subfield><subfield code="b">PHFR</subfield><subfield code="c">LI 99999 G998</subfield></datafield><datafield tag="980" ind1="0" ind2=" "><subfield code="a">00236298</subfield><subfield code="9">(PHFR)</subfield><subfield code="b">2.OG (35)</subfield><subfield code="c">LI 99999 G998</subfield><subfield code="d">Standardleihe (01)</subfield><subfield code="e">Verfügbar (X)</subfield></datafield></record>