
<record><leader>03166nam a2200000uuc4500</leader><controlfield tag="001">02339794</controlfield><controlfield tag="003">DE-Frei129</controlfield><controlfield tag="005">20220811084033.0</controlfield><controlfield tag="007">tu</controlfield><controlfield tag="008">110712s2010    ||||||||||||||||||||ger||</controlfield><datafield tag="020" ind1=" " ind2=" "><subfield code="a">9783125826380</subfield><subfield code="9">978-3-12-582638-0</subfield></datafield><datafield tag="035" ind1=" " ind2=" "><subfield code="a">(DE-576)1417169869</subfield></datafield><datafield tag="041" ind1=" " ind2=" "><subfield code="a">ger</subfield><subfield code="a">eng</subfield></datafield><datafield tag="245" ind1="1" ind2="0"><subfield code="a">Let&apos;s go</subfield><subfield code="b">[englisches Unterrichtswerk für Hauptschulen]</subfield><subfield code="n">3, Workbook</subfield><subfield code="p">Workbook mit Audio-CD und Lernsoftware</subfield><subfield code="c">von Carl Taylor ... Hrsg.: Werner Kieweg</subfield></datafield><datafield tag="246" ind1="1" ind2="3"><subfield code="a">Lernsoftware - Sprachtrainer für Grammatik, Vokabeln und Kommunikation</subfield></datafield><datafield tag="250" ind1=" " ind2=" "><subfield code="a">1. Aufl., [Nachdr.]</subfield></datafield><datafield tag="260" ind1="3" ind2=" "><subfield code="c">2010</subfield></datafield><datafield tag="300" ind1=" " ind2=" "><subfield code="a">64  Seiten</subfield><subfield code="b">Ill.</subfield><subfield code="e">1 CD-ROM (12 cm)</subfield></datafield><datafield tag="500" ind1=" " ind2=" "><subfield code="a">Titel der CD-ROM-Beil.: Lernsoftware - Sprachtrainer für Grammatik, Vokabeln und Kommunikation</subfield></datafield><datafield tag="500" ind1=" " ind2=" "><subfield code="a">Audio-CD u.d.T.: Schüler-Audio-CD</subfield></datafield><datafield tag="500" ind1=" " ind2=" "><subfield code="a">Pentium III ab 800 MHz; 128 MB RAM, 300 MB freier Festplattenspeicher (Vollinstallation); 20-fach CD-ROM-Laufwerk, mit Kopfhörer/Lautsprecher und Mikrofon; 1024 x 768 Pixel Grafik mit 32 Bit Farbtiefe; Bildschirmauflösung 1024 x 768 Pixel, Soundkarte Windows 98 (SE)/ME/NT/2000/XP, Adobe Reader, Flash Player (OCX)</subfield></datafield><datafield tag="773" ind1="0" ind2="8"><subfield code="w">(DE-Frei129)00995570</subfield><subfield code="q">13WORKCROM42007</subfield></datafield><datafield tag="852" ind1=" " ind2=" "><subfield code="a">Frei 129</subfield><subfield code="b">PHFR</subfield><subfield code="c">HD 220 II G573 A -3</subfield></datafield><datafield tag="980" ind1="0" ind2=" "><subfield code="a">00217040</subfield><subfield code="9">(PHFR)</subfield><subfield code="b">2.OG (35)</subfield><subfield code="c">HD 220 II G573 A -3</subfield><subfield code="d">Standardleihe (01)</subfield><subfield code="e">Verfügbar (X)</subfield></datafield><datafield tag="980" ind1="0" ind2=" "><subfield code="a">00217887</subfield><subfield code="9">(PHFR)</subfield><subfield code="b">2.OG (35)</subfield><subfield code="c">HD 220 II G573 A -3+1</subfield><subfield code="d">Präsenzbestand II (51)</subfield><subfield code="e">Verfügbar (X)</subfield></datafield></record>