
<record><leader>02816nam a2200000uuc4500</leader><controlfield tag="001">02339675</controlfield><controlfield tag="003">DE-Frei129</controlfield><controlfield tag="005">20220811084033.0</controlfield><controlfield tag="007">tu</controlfield><controlfield tag="008">110707s2010    ||||||||||||||||||||ger||</controlfield><datafield tag="016" ind1="7" ind2=" "><subfield code="a">638752124</subfield><subfield code="2">DE-101</subfield></datafield><datafield tag="020" ind1=" " ind2=" "><subfield code="a">9783934528215</subfield><subfield code="9">978-3-934528-21-5</subfield><subfield code="c">VBE</subfield></datafield><datafield tag="020" ind1=" " ind2=" "><subfield code="a">9783896171412</subfield><subfield code="9">978-3-89617-141-2</subfield><subfield code="c">Kontakte</subfield></datafield><datafield tag="035" ind1=" " ind2=" "><subfield code="a">(DE-576)141701010X</subfield></datafield><datafield tag="041" ind1=" " ind2=" "><subfield code="a">ger</subfield></datafield><datafield tag="044" ind1=" " ind2=" "><subfield code="c">XA-DE</subfield></datafield><datafield tag="245" ind1="1" ind2="0"><subfield code="a">WeihnachtsHits</subfield><subfield code="b">75 Kinderlieder von St. Martin bis zu den Hl. Drei Königen</subfield><subfield code="n">Buch</subfield><subfield code="p">Weihnachtshits : 75 Kinderlieder von St. Martin bis zu den Hl. Drei Königen / [Hrsg. Reinhard Horn ...]</subfield><subfield code="c">Hrsg.: Verband Bildung u. Erziehung ...</subfield></datafield><datafield tag="250" ind1=" " ind2=" "><subfield code="a">5. Aufl.</subfield></datafield><datafield tag="260" ind1="3" ind2=" "><subfield code="a">Lippstadt</subfield><subfield code="b">Kontakte-Musikverl. [u.a.]</subfield><subfield code="c">2010</subfield></datafield><datafield tag="300" ind1=" " ind2=" "><subfield code="a">126  Seiten</subfield><subfield code="b">Ill., Noten</subfield></datafield><datafield tag="500" ind1=" " ind2=" "><subfield code="a">IMD-Felder und 1131 maschinell ergänzt</subfield></datafield><datafield tag="700" ind1="1" ind2=" "><subfield code="0">(DE-Frei129)00070856</subfield><subfield code="a">Horn, Reinhard</subfield><subfield code="4">Hrsg.</subfield></datafield><datafield tag="773" ind1="0" ind2="8"><subfield code="w">(DE-Frei129)01737634</subfield><subfield code="q">BUCH15</subfield></datafield><datafield tag="852" ind1=" " ind2=" "><subfield code="a">Frei 129</subfield><subfield code="b">PHFR</subfield><subfield code="c">LS 51290 H813 W4 (5)</subfield></datafield><datafield tag="980" ind1="0" ind2=" "><subfield code="a">00220107</subfield><subfield code="9">(PHFR)</subfield><subfield code="b">3.OG (37)</subfield><subfield code="c">LS 51290 H813 W4 (5)</subfield><subfield code="d">Standardleihe (01)</subfield><subfield code="e">Verfügbar (X)</subfield></datafield></record>