
<record><leader>05337nam a2200000uu 4500</leader><controlfield tag="001">02339437</controlfield><controlfield tag="003">DE-Frei129</controlfield><controlfield tag="005">20220811084033.0</controlfield><controlfield tag="007">tu</controlfield><controlfield tag="008">110706s2010    ||||||||||||||||||||ger||</controlfield><datafield tag="020" ind1=" " ind2=" "><subfield code="a">9783403041238</subfield><subfield code="9">9783403041238</subfield></datafield><datafield tag="035" ind1=" " ind2=" "><subfield code="a">(DE-576)1611375568</subfield></datafield><datafield tag="041" ind1=" " ind2=" "><subfield code="a">ger</subfield></datafield><datafield tag="044" ind1=" " ind2=" "><subfield code="c">XA-DE-BY</subfield></datafield><datafield tag="100" ind1="1" ind2=" "><subfield code="a">Heinrich, Hans</subfield><subfield code="0">(DE-Frei129)00022456</subfield></datafield><datafield tag="245" ind1="1" ind2="0"><subfield code="a">Märchen, Sagen, Epen und Fabeln</subfield><subfield code="b">ausgearbeitete Stundenbilder mit Texten, Arbeitsblättern und Bildmaterial</subfield><subfield code="c">Hans Heinrich</subfield></datafield><datafield tag="250" ind1=" " ind2=" "><subfield code="a">3. Auflage</subfield></datafield><datafield tag="260" ind1="3" ind2=" "><subfield code="a">Donauwörth</subfield><subfield code="b">Auer Verl. in AAP Lehrerfachverl.</subfield><subfield code="c">2010</subfield></datafield><datafield tag="300" ind1=" " ind2=" "><subfield code="a">160 Seiten</subfield><subfield code="b">Illustrationen, Diagramme</subfield></datafield><datafield tag="490" ind1="0" ind2=" "><subfield code="a">Auer macht Schule. Sekundarstufe I</subfield></datafield><datafield tag="650" ind1=" " ind2="7"><subfield code="a">Märchen</subfield><subfield code="0">(DE-Frei129)00015771</subfield><subfield code="0">(DE-588)4036910-9</subfield><subfield code="2">gnd</subfield></datafield><datafield tag="650" ind1=" " ind2="7"><subfield code="a">Deutschunterricht</subfield><subfield code="0">(DE-Frei129)00005880</subfield><subfield code="0">(DE-588)4011975-0</subfield><subfield code="2">gnd</subfield></datafield><datafield tag="650" ind1=" " ind2="7"><subfield code="a">Sekundarstufe 1</subfield><subfield code="0">(DE-Frei129)00021625</subfield><subfield code="0">(DE-588)4054365-1</subfield><subfield code="2">gnd</subfield></datafield><datafield tag="650" ind1=" " ind2="7"><subfield code="a">Fabel</subfield><subfield code="0">(DE-Frei129)00007673</subfield><subfield code="0">(DE-588)4016112-2</subfield><subfield code="2">gnd</subfield></datafield><datafield tag="650" ind1=" " ind2="7"><subfield code="a">Sage</subfield><subfield code="0">(DE-Frei129)00021065</subfield><subfield code="0">(DE-588)4051288-5</subfield><subfield code="2">gnd</subfield></datafield><datafield tag="689" ind1="0" ind2="0"><subfield code="0">(DE-588)4036910-9</subfield><subfield code="D">s</subfield><subfield code="a">Märchen </subfield></datafield><datafield tag="689" ind1="0" ind2="1"><subfield code="0">(DE-588)4011975-0</subfield><subfield code="D">s</subfield><subfield code="a">Deutschunterricht </subfield></datafield><datafield tag="689" ind1="0" ind2="2"><subfield code="0">(DE-588)4054365-1</subfield><subfield code="D">s</subfield><subfield code="a">Sekundarstufe 1</subfield><subfield code="5">DE-101</subfield></datafield><datafield tag="689" ind1="1" ind2="0"><subfield code="0">(DE-588)4016112-2</subfield><subfield code="D">s</subfield><subfield code="a">Fabel </subfield></datafield><datafield tag="689" ind1="1" ind2="1"><subfield code="0">(DE-588)4011975-0</subfield><subfield code="D">s</subfield><subfield code="a">Deutschunterricht </subfield></datafield><datafield tag="689" ind1="1" ind2="2"><subfield code="0">(DE-588)4054365-1</subfield><subfield code="D">s</subfield><subfield code="a">Sekundarstufe 1</subfield><subfield code="5">DE-101</subfield></datafield><datafield tag="689" ind1="2" ind2="0"><subfield code="0">(DE-588)4051288-5</subfield><subfield code="D">s</subfield><subfield code="a">Sage </subfield></datafield><datafield tag="689" ind1="2" ind2="1"><subfield code="0">(DE-588)4011975-0</subfield><subfield code="D">s</subfield><subfield code="a">Deutschunterricht </subfield></datafield><datafield tag="689" ind1="2" ind2="2"><subfield code="0">(DE-588)4054365-1</subfield><subfield code="D">s</subfield><subfield code="a">Sekundarstufe 1</subfield><subfield code="5">DE-101</subfield></datafield><datafield tag="710" ind1="2" ind2=" "><subfield code="0">(DE-Frei129)00261640</subfield><subfield code="0">(DE-588)1028055145</subfield><subfield code="a">Auer Verlag</subfield><subfield code="4">oth</subfield></datafield><datafield tag="852" ind1=" " ind2=" "><subfield code="a">Frei 129</subfield><subfield code="b">PHFR</subfield><subfield code="c">GB 2978 H469 M1 (3)</subfield></datafield><datafield tag="856" ind1="4" ind2=" "><subfield code="8">00</subfield><subfield code="u">http://d-nb.info/1008828122/04</subfield><subfield code="y">Inhaltsverzeichnis</subfield></datafield><datafield tag="980" ind1="0" ind2=" "><subfield code="a">00217979</subfield><subfield code="9">(PHFR)</subfield><subfield code="b">2.OG (35)</subfield><subfield code="c">GB 2978 H469 M1 (3)</subfield><subfield code="d">Standardleihe (01)</subfield><subfield code="e">Verfügbar (X)</subfield></datafield></record>