
<record><leader>02322nam a2200000uu 4500</leader><controlfield tag="001">02339389</controlfield><controlfield tag="003">DE-Frei129</controlfield><controlfield tag="005">20220811084034.0</controlfield><controlfield tag="007">tu</controlfield><controlfield tag="008">110701s2010    ||||||||||||||||||||ger||</controlfield><datafield tag="020" ind1=" " ind2=" "><subfield code="a">9783356010985</subfield><subfield code="9">978-3-356-01098-5</subfield></datafield><datafield tag="035" ind1=" " ind2=" "><subfield code="a">(DE-576)1611294681</subfield></datafield><datafield tag="041" ind1=" " ind2=" "><subfield code="a">ger</subfield></datafield><datafield tag="245" ind1="1" ind2="4"><subfield code="a">Die dampfenden Hälse der Pferde im Turm von Babel</subfield><subfield code="b">ein Spielbuch in Sachen Sprache; ein Sprachbuch voll Spielsachen; ein Sachbuch der Sprachspiele</subfield><subfield code="c">Franz Fühmann. Mit Bildern von Egbert Herfurth</subfield></datafield><datafield tag="250" ind1=" " ind2=" "><subfield code="a">4. Aufl. der Neuausg., insgesamt 10. Aufl.</subfield></datafield><datafield tag="260" ind1="3" ind2=" "><subfield code="a">Rostock</subfield><subfield code="b">Hinstorff</subfield><subfield code="c">2010</subfield></datafield><datafield tag="300" ind1=" " ind2=" "><subfield code="a">358  Seiten</subfield><subfield code="b">Ill.</subfield></datafield><datafield tag="700" ind1="1" ind2=" "><subfield code="0">(DE-588)118536672</subfield><subfield code="0">(DE-Frei129)00016898</subfield><subfield code="a">Fühmann, Franz</subfield><subfield code="4">aut</subfield></datafield><datafield tag="700" ind1="1" ind2=" "><subfield code="0">(DE-588)119374013</subfield><subfield code="0">(DE-Frei129)00081189</subfield><subfield code="a">Herfurth, Egbert</subfield><subfield code="4">oth</subfield></datafield><datafield tag="852" ind1=" " ind2=" "><subfield code="a">Frei 129</subfield><subfield code="b">PHFR</subfield><subfield code="c">ED 5530 F953 (10)</subfield></datafield><datafield tag="980" ind1="0" ind2=" "><subfield code="a">00221460</subfield><subfield code="9">(PHFR)</subfield><subfield code="b">2.OG (35)</subfield><subfield code="c">ED 5530 F953 (10)</subfield><subfield code="d">Standardleihe (01)</subfield><subfield code="e">Verfügbar (X)</subfield></datafield></record>