
<record><leader>05413nam a2200000uu 4500</leader><controlfield tag="001">02338449</controlfield><controlfield tag="003">DE-Frei129</controlfield><controlfield tag="005">20220811084034.0</controlfield><controlfield tag="007">tu</controlfield><controlfield tag="008">110608s2010    ||||||||||||||||||||ger||</controlfield><datafield tag="015" ind1=" " ind2=" "><subfield code="a">11,A14</subfield></datafield><datafield tag="016" ind1="7" ind2=" "><subfield code="a">1004112025</subfield><subfield code="2">DE-101</subfield></datafield><datafield tag="020" ind1=" " ind2=" "><subfield code="a">9783899242775</subfield><subfield code="9">978-3-89924-277-5</subfield><subfield code="c">kart. : EUR 18.00</subfield></datafield><datafield tag="024" ind1="3" ind2=" "><subfield code="a">9783899242775</subfield></datafield><datafield tag="035" ind1=" " ind2=" "><subfield code="a">(DE-576)631154868</subfield></datafield><datafield tag="041" ind1=" " ind2=" "><subfield code="a">ger</subfield></datafield><datafield tag="044" ind1=" " ind2=" "><subfield code="c">XA-DE-NW</subfield></datafield><datafield tag="100" ind1="1" ind2=" "><subfield code="a">Hartge, Reimar</subfield><subfield code="0">(DE-Frei129)00800927</subfield><subfield code="0">(DE-588)108301176</subfield></datafield><datafield tag="245" ind1="1" ind2="0"><subfield code="a">Erziehungswissenschaftliche Gedankenspiele</subfield><subfield code="b">Aristoteles: Briefe an Alexander, Seneca: Briefe an Nero</subfield><subfield code="c">Reimar Hartge</subfield></datafield><datafield tag="260" ind1="3" ind2=" "><subfield code="a">Essen</subfield><subfield code="b">Verl. Die Blaue Eule</subfield><subfield code="c">2010</subfield></datafield><datafield tag="300" ind1=" " ind2=" "><subfield code="a">127  Seiten</subfield><subfield code="c">21 cm</subfield></datafield><datafield tag="500" ind1=" " ind2=" "><subfield code="a">Literaturangaben</subfield></datafield><datafield tag="648" ind1=" " ind2="7"><subfield code="a">Geschichte</subfield><subfield code="0">(DE-Frei129)00000468</subfield><subfield code="2">local</subfield></datafield><datafield tag="650" ind1=" " ind2="7"><subfield code="a">Altertum</subfield><subfield code="0">(DE-Frei129)00001192</subfield><subfield code="0">(DE-588)4001480-0</subfield><subfield code="2">gnd</subfield></datafield><datafield tag="650" ind1=" " ind2="7"><subfield code="a">Erziehungsphilosophie</subfield><subfield code="0">(DE-Frei129)00028596</subfield><subfield code="0">(DE-588)4070955-3</subfield><subfield code="2">gnd</subfield></datafield><datafield tag="650" ind1=" " ind2="7"><subfield code="a">Antike</subfield><subfield code="0">(DE-Frei129)00027221</subfield><subfield code="0">(DE-588)4068754-5</subfield><subfield code="2">gnd</subfield></datafield><datafield tag="650" ind1=" " ind2="7"><subfield code="a">Herrschererziehung</subfield><subfield code="0">(DE-Frei129)00059176</subfield><subfield code="0">(DE-588)4159651-1</subfield><subfield code="2">gnd</subfield></datafield><datafield tag="650" ind1=" " ind2="7"><subfield code="a">Erziehungsprinzip</subfield><subfield code="0">(DE-Frei129)00286552</subfield><subfield code="0">(DE-588)4153001-9</subfield><subfield code="2">gnd</subfield></datafield><datafield tag="655" ind1=" " ind2="7"><subfield code="a">Briefsammlung</subfield><subfield code="0">(DE-Frei129)00000068</subfield><subfield code="2">local</subfield></datafield><datafield tag="689" ind1="0" ind2="0"><subfield code="0">(DE-588)4001480-0</subfield><subfield code="D">s</subfield><subfield code="a">Altertum </subfield></datafield><datafield tag="689" ind1="0" ind2="1"><subfield code="0">(DE-588)4070955-3</subfield><subfield code="D">s</subfield><subfield code="a">Erziehungsphilosophie </subfield></datafield><datafield tag="689" ind1="0" ind2="2"><subfield code="A">s</subfield><subfield code="a">Geschichte </subfield></datafield><datafield tag="689" ind1="0" ind2="3"><subfield code="A">s</subfield><subfield code="a">Briefsammlung</subfield><subfield code="5">DE-101</subfield></datafield><datafield tag="689" ind1="1" ind2="0"><subfield code="0">(DE-588)4068754-5</subfield><subfield code="D">s</subfield><subfield code="a">Antike </subfield></datafield><datafield tag="689" ind1="1" ind2="1"><subfield code="0">(DE-588)4070955-3</subfield><subfield code="D">s</subfield><subfield code="a">Erziehungsphilosophie </subfield></datafield><datafield tag="689" ind1="1" ind2="2"><subfield code="0">(DE-588)4159651-1</subfield><subfield code="D">s</subfield><subfield code="a">Herrschererziehung </subfield></datafield><datafield tag="689" ind1="1" ind2="3"><subfield code="0">(DE-588)4153001-9</subfield><subfield code="D">s</subfield><subfield code="a">Erziehungsprinzip</subfield><subfield code="5">DE-101</subfield></datafield><datafield tag="852" ind1=" " ind2=" "><subfield code="a">Frei129</subfield><subfield code="c">Paed A 420: 108</subfield></datafield><datafield tag="856" ind1="4" ind2=" "><subfield code="8">00</subfield><subfield code="u">http://d-nb.info/1004112025/04</subfield><subfield code="y">Inhaltsverzeichnis</subfield></datafield><datafield tag="980" ind1="0" ind2=" "><subfield code="a">00219885</subfield><subfield code="9">(PHFR)</subfield><subfield code="b">EG-Anbau (32)</subfield><subfield code="c">Paed A 420: 108</subfield><subfield code="d">Standardleihe (01)</subfield><subfield code="e">Verfügbar (X)</subfield></datafield></record>