
<record><leader>05253nam a2200000uu 4500</leader><controlfield tag="001">02338422</controlfield><controlfield tag="003">DE-Frei129</controlfield><controlfield tag="005">20220811084034.0</controlfield><controlfield tag="007">tu</controlfield><controlfield tag="008">110607s2010    ||||||||||||||||||||eng||</controlfield><datafield tag="015" ind1=" " ind2=" "><subfield code="a">11,A13</subfield></datafield><datafield tag="016" ind1="7" ind2=" "><subfield code="a">1009718908</subfield><subfield code="2">DE-101</subfield></datafield><datafield tag="020" ind1=" " ind2=" "><subfield code="a">9783832296612</subfield><subfield code="9">978-3-8322-9661-2</subfield><subfield code="c">kart. : EUR 26.80 (DE), EUR 26.80 (AT), sfr 53.60 (freier Pr.)</subfield></datafield><datafield tag="024" ind1="3" ind2=" "><subfield code="a">9783832296612</subfield></datafield><datafield tag="035" ind1=" " ind2=" "><subfield code="a">(DE-576)161084923X</subfield></datafield><datafield tag="041" ind1=" " ind2=" "><subfield code="a">eng</subfield></datafield><datafield tag="044" ind1=" " ind2=" "><subfield code="c">XA-DE-NW</subfield></datafield><datafield tag="245" ind1="1" ind2="0"><subfield code="a">Teacher competencies and educational goals</subfield><subfield code="c">Cirila Peklaj (ed.)</subfield></datafield><datafield tag="260" ind1="3" ind2=" "><subfield code="a">Aachen</subfield><subfield code="b">Shaker</subfield><subfield code="c">2010 2010</subfield></datafield><datafield tag="300" ind1=" " ind2=" "><subfield code="a">171  Seiten</subfield><subfield code="b">graph. Darst.</subfield><subfield code="c">21 cm, 257 g</subfield></datafield><datafield tag="490" ind1="1" ind2=" "><subfield code="a">Schriften zur Bildungs- und Freizeitwissenschaft </subfield><subfield code="v">6</subfield></datafield><datafield tag="500" ind1=" " ind2=" "><subfield code="a">Literaturangaben</subfield></datafield><datafield tag="650" ind1=" " ind2="7"><subfield code="a">Erziehungsziel</subfield><subfield code="0">(DE-Frei129)00028607</subfield><subfield code="0">(DE-588)4070957-7</subfield><subfield code="2">gnd</subfield></datafield><datafield tag="650" ind1=" " ind2="7"><subfield code="a">Motivation</subfield><subfield code="0">(DE-Frei129)00017010</subfield><subfield code="0">(DE-588)4040364-6</subfield><subfield code="2">gnd</subfield></datafield><datafield tag="650" ind1=" " ind2="7"><subfield code="a">Lehrer</subfield><subfield code="0">(DE-Frei129)00005864</subfield><subfield code="0">(DE-588)4035088-5</subfield><subfield code="2">gnd</subfield></datafield><datafield tag="650" ind1=" " ind2="7"><subfield code="a">Schüler</subfield><subfield code="0">(DE-Frei129)00002305</subfield><subfield code="0">(DE-588)4053369-4</subfield><subfield code="2">gnd</subfield></datafield><datafield tag="650" ind1=" " ind2="7"><subfield code="a">Kompetenz</subfield><subfield code="0">(DE-Frei129)00044951</subfield><subfield code="0">(DE-588)4129507-9</subfield><subfield code="2">gnd</subfield></datafield><datafield tag="655" ind1=" " ind2="7"><subfield code="a">Aufsatzsammlung</subfield><subfield code="0">(DE-Frei129)00000042</subfield><subfield code="2">local</subfield></datafield><datafield tag="689" ind1="0" ind2="0"><subfield code="0">(DE-588)4070957-7</subfield><subfield code="D">s</subfield><subfield code="a">Erziehungsziel </subfield></datafield><datafield tag="689" ind1="0" ind2="1"><subfield code="0">(DE-588)4040364-6</subfield><subfield code="D">s</subfield><subfield code="a">Motivation </subfield></datafield><datafield tag="689" ind1="0" ind2="2"><subfield code="0">(DE-588)4035088-5</subfield><subfield code="D">s</subfield><subfield code="a">Lehrer </subfield></datafield><datafield tag="689" ind1="0" ind2="3"><subfield code="0">(DE-588)4053369-4</subfield><subfield code="D">s</subfield><subfield code="a">Schüler </subfield></datafield><datafield tag="689" ind1="0" ind2="4"><subfield code="0">(DE-588)4129507-9</subfield><subfield code="D">s</subfield><subfield code="a">Kompetenz </subfield></datafield><datafield tag="689" ind1="0" ind2="5"><subfield code="A">s</subfield><subfield code="a">Aufsatzsammlung</subfield><subfield code="5">DE-101</subfield></datafield><datafield tag="700" ind1="1" ind2=" "><subfield code="0">(DE-Frei129)00809004</subfield><subfield code="a">Peklaj, Cirila</subfield><subfield code="4">Hrsg.</subfield></datafield><datafield tag="830" ind1=" " ind2="0"><subfield code="a">Schriften zur Bildungs- und Freizeitwissenschaft</subfield><subfield code="v">6</subfield><subfield code="w">(DE-Frei129)00299608</subfield><subfield code="9">16</subfield></datafield><datafield tag="852" ind1=" " ind2=" "><subfield code="a">Frei129</subfield><subfield code="c">Paed B 200: 33</subfield></datafield><datafield tag="856" ind1="4" ind2=" "><subfield code="8">00</subfield><subfield code="u">http://d-nb.info/1009718908/04</subfield><subfield code="y">Inhaltsverzeichnis</subfield></datafield><datafield tag="980" ind1="0" ind2=" "><subfield code="a">00220042</subfield><subfield code="9">(PHFR)</subfield><subfield code="b">EG-Anbau (32)</subfield><subfield code="c">Paed B 200: 33</subfield><subfield code="d">Standardleihe (01)</subfield><subfield code="e">Verfügbar (X)</subfield></datafield></record>