
<record><leader>03746nam a2200000uu 4500</leader><controlfield tag="001">02338242</controlfield><controlfield tag="003">DE-Frei129</controlfield><controlfield tag="005">20220811084034.0</controlfield><controlfield tag="007">tu</controlfield><controlfield tag="008">110530s2010    |||||||||||||||||||||||||</controlfield><datafield tag="020" ind1=" " ind2=" "><subfield code="a">9781849920414</subfield><subfield code="9">978-1-8499-2041-4</subfield><subfield code="c">(pbk.) £7.99</subfield></datafield><datafield tag="020" ind1=" " ind2=" "><subfield code="a">1849920419</subfield><subfield code="9">1-8499-2041-9</subfield><subfield code="c">(pbk.) £7.99</subfield></datafield><datafield tag="035" ind1=" " ind2=" "><subfield code="a">(DE-576)161072822X</subfield></datafield><datafield tag="245" ind1="1" ind2="4"><subfield code="a">The curious incident of the dog in the night-time</subfield><subfield code="c">Mark Haddon</subfield></datafield><datafield tag="260" ind1="3" ind2=" "><subfield code="a">Oxford</subfield><subfield code="b">David Fickling</subfield><subfield code="c">2010</subfield></datafield><datafield tag="300" ind1=" " ind2=" "><subfield code="a">1 v.</subfield><subfield code="b">ill.</subfield><subfield code="c">20 cm</subfield></datafield><datafield tag="500" ind1=" " ind2=" "><subfield code="a">Originally published: 2003</subfield></datafield><datafield tag="650" ind1=" " ind2="7"><subfield code="a">Asperger&apos;s syndrome</subfield><subfield code="0">(DE-Frei129)00441413</subfield><subfield code="2">local</subfield></datafield><datafield tag="650" ind1=" " ind2="7"><subfield code="a">Patients</subfield><subfield code="0">(DE-Frei129)00244156</subfield><subfield code="2">local</subfield></datafield><datafield tag="650" ind1=" " ind2="7"><subfield code="a">Fiction</subfield><subfield code="0">(DE-Frei129)00238008</subfield><subfield code="2">local</subfield></datafield><datafield tag="650" ind1=" " ind2="7"><subfield code="a">Detective and mystery stories</subfield><subfield code="0">(DE-Frei129)00414122</subfield><subfield code="2">local</subfield></datafield><datafield tag="650" ind1=" " ind2="7"><subfield code="a">Young adult fiction</subfield><subfield code="0">(DE-Frei129)00442005</subfield><subfield code="2">local</subfield></datafield><datafield tag="689" ind1="0" ind2="0"><subfield code="A">s</subfield><subfield code="a">Asperger&apos;s syndrome </subfield></datafield><datafield tag="689" ind1="0" ind2="1"><subfield code="A">s</subfield><subfield code="a">Patients </subfield></datafield><datafield tag="689" ind1="0" ind2="2"><subfield code="A">s</subfield><subfield code="a">Fiction</subfield><subfield code="5">DE-101</subfield></datafield><datafield tag="689" ind1="1" ind2="0"><subfield code="A">s</subfield><subfield code="a">Detective and mystery stories</subfield><subfield code="5">DE-101</subfield></datafield><datafield tag="689" ind1="2" ind2="0"><subfield code="A">s</subfield><subfield code="a">Young adult fiction</subfield><subfield code="5">DE-101</subfield></datafield><datafield tag="700" ind1="1" ind2=" "><subfield code="0">(DE-588)130644781</subfield><subfield code="0">(DE-Frei129)00141723</subfield><subfield code="a">Haddon, Mark</subfield><subfield code="4">aut</subfield></datafield><datafield tag="852" ind1=" " ind2=" "><subfield code="a">Frei 129</subfield><subfield code="b">PHFR</subfield><subfield code="c">HN 9990 H127</subfield></datafield><datafield tag="980" ind1="0" ind2=" "><subfield code="a">00219211</subfield><subfield code="9">(PHFR)</subfield><subfield code="b">2.OG (35)</subfield><subfield code="c">HN 9990 H127</subfield><subfield code="d">Standardleihe (01)</subfield><subfield code="e">Verfügbar (X)</subfield></datafield></record>