
<record><leader>06026nam a2200000uu 4500</leader><controlfield tag="001">02338129</controlfield><controlfield tag="003">DE-Frei129</controlfield><controlfield tag="005">20220811084034.0</controlfield><controlfield tag="007">tu</controlfield><controlfield tag="008">101209s2010    ||||||||||||||||||||eng||</controlfield><datafield tag="015" ind1=" " ind2=" "><subfield code="a">11,A12</subfield></datafield><datafield tag="016" ind1="7" ind2=" "><subfield code="a">1008704024</subfield><subfield code="2">DE-101</subfield></datafield><datafield tag="020" ind1=" " ind2=" "><subfield code="a">9783830924043</subfield><subfield code="9">9783830924043</subfield><subfield code="c">Pp. : EUR 34.90 (DE)</subfield></datafield><datafield tag="024" ind1="3" ind2=" "><subfield code="a">9783830924043</subfield></datafield><datafield tag="035" ind1=" " ind2=" "><subfield code="a">(DE-576)641469209</subfield></datafield><datafield tag="041" ind1=" " ind2=" "><subfield code="a">eng</subfield></datafield><datafield tag="044" ind1=" " ind2=" "><subfield code="c">XA-DE-NW</subfield><subfield code="c">XD-US</subfield></datafield><datafield tag="245" ind1="1" ind2="0"><subfield code="a">Takt in modern education</subfield><subfield code="c">Shoko Suzuki</subfield></datafield><datafield tag="260" ind1="3" ind2=" "><subfield code="a">Münster ; München ; Berlin [u.a.]</subfield><subfield code="b">UTB GmbH</subfield><subfield code="c">2010</subfield></datafield><datafield tag="300" ind1=" " ind2=" "><subfield code="a">177 Seiten</subfield><subfield code="b">Ill., graph. Darst</subfield><subfield code="c">22 cm</subfield></datafield><datafield tag="490" ind1="1" ind2=" "><subfield code="a">European studies in education </subfield><subfield code="v">Vol. 30</subfield></datafield><datafield tag="500" ind1=" " ind2=" "><subfield code="a">Literaturangaben</subfield></datafield><datafield tag="500" ind1=" " ind2=" "><subfield code="a">IMD-Felder maschinell generiert (GBV)</subfield></datafield><datafield tag="648" ind1=" " ind2="7"><subfield code="a">Geschichte</subfield><subfield code="0">(DE-Frei129)00000468</subfield><subfield code="2">local</subfield></datafield><datafield tag="650" ind1=" " ind2="7"><subfield code="a">Höflichkeit</subfield><subfield code="0">(DE-Frei129)00059406</subfield><subfield code="0">(DE-588)4160349-7</subfield><subfield code="2">gnd</subfield></datafield><datafield tag="650" ind1=" " ind2="7"><subfield code="a">Taktgefühl</subfield><subfield code="0">(DE-Frei129)00535587</subfield><subfield code="0">(DE-588)4184369-1</subfield><subfield code="2">gnd</subfield></datafield><datafield tag="650" ind1=" " ind2="7"><subfield code="a">Erziehungsprinzip</subfield><subfield code="0">(DE-Frei129)00286552</subfield><subfield code="0">(DE-588)4153001-9</subfield><subfield code="2">gnd</subfield></datafield><datafield tag="650" ind1=" " ind2="7"><subfield code="a">‡aHardback</subfield><subfield code="0">(DE-Frei129)14385817</subfield><subfield code="2">local</subfield></datafield><datafield tag="650" ind1=" " ind2="7"><subfield code="a">‡aAllgemeine Erziehungswissenschaft</subfield><subfield code="0">(DE-Frei129)14385818</subfield><subfield code="2">local</subfield></datafield><datafield tag="689" ind1="0" ind2="0"><subfield code="0">(DE-588)4160349-7</subfield><subfield code="D">s</subfield><subfield code="a">Höflichkeit </subfield></datafield><datafield tag="689" ind1="0" ind2="1"><subfield code="0">(DE-588)4184369-1</subfield><subfield code="D">s</subfield><subfield code="a">Taktgefühl </subfield></datafield><datafield tag="689" ind1="0" ind2="2"><subfield code="0">(DE-588)4153001-9</subfield><subfield code="D">s</subfield><subfield code="a">Erziehungsprinzip </subfield></datafield><datafield tag="689" ind1="0" ind2="3"><subfield code="A">s</subfield><subfield code="a">Geschichte</subfield><subfield code="5">DE-101</subfield></datafield><datafield tag="689" ind1="1" ind2="0"><subfield code="A">s</subfield><subfield code="a">‡aHardback</subfield><subfield code="5">DE-101</subfield></datafield><datafield tag="689" ind1="2" ind2="0"><subfield code="A">s</subfield><subfield code="a">‡aAllgemeine Erziehungswissenschaft</subfield><subfield code="5">DE-101</subfield></datafield><datafield tag="700" ind1="1" ind2=" "><subfield code="0">(DE-588)14397453X</subfield><subfield code="0">(DE-Frei129)01190168</subfield><subfield code="a">Suzuki, Shōko</subfield><subfield code="4">aut</subfield></datafield><datafield tag="830" ind1=" " ind2="0"><subfield code="a">European studies in education</subfield><subfield code="v">Vol. 30</subfield><subfield code="w">(DE-Frei129)00156204</subfield><subfield code="9">230</subfield></datafield><datafield tag="852" ind1=" " ind2=" "><subfield code="a">Frei129</subfield><subfield code="c">Paed B 500: 17</subfield></datafield><datafield tag="856" ind1="4" ind2=" "><subfield code="8">00</subfield><subfield code="u">http://d-nb.info/1008704024/04</subfield><subfield code="y">Kurzbeschreibung des Verlags</subfield></datafield><datafield tag="856" ind1="4" ind2=" "><subfield code="8">01</subfield><subfield code="u">http://deposit.d-nb.de/cgi-bin/dokserv?id=3622286&amp;prov=M&amp;dok_var=1&amp;dok_ext=htm</subfield><subfield code="y">Inhaltstext</subfield></datafield><datafield tag="856" ind1="4" ind2=" "><subfield code="8">02</subfield><subfield code="u">http://d-nb.info/1008704024/04</subfield><subfield code="y">Inhaltsverzeichnis</subfield></datafield><datafield tag="856" ind1="4" ind2=" "><subfield code="8">03</subfield><subfield code="u">http://deposit.d-nb.de/cgi-bin/dokserv?id=3622286&amp;prov=M&amp;dok_var=1&amp;dok_ext=htm</subfield><subfield code="y">Inhaltstext</subfield></datafield><datafield tag="980" ind1="0" ind2=" "><subfield code="a">00219014</subfield><subfield code="9">(PHFR)</subfield><subfield code="b">EG-Anbau (32)</subfield><subfield code="c">Paed B 500: 17</subfield><subfield code="d">Standardleihe (01)</subfield><subfield code="e">Verfügbar (X)</subfield></datafield></record>