
<record><leader>06893nam a2200000uu 4500</leader><controlfield tag="001">02338062</controlfield><controlfield tag="003">DE-Frei129</controlfield><controlfield tag="005">20220811084034.0</controlfield><controlfield tag="007">tu</controlfield><controlfield tag="008">110519s2010    ||||||||||||||||||||eng||</controlfield><datafield tag="020" ind1=" " ind2=" "><subfield code="a">9781572738980</subfield><subfield code="9">978-1-572-73898-0</subfield></datafield><datafield tag="020" ind1=" " ind2=" "><subfield code="a">9781572738997</subfield><subfield code="9">978-1-572-73899-7</subfield><subfield code="c">pbk.</subfield></datafield><datafield tag="035" ind1=" " ind2=" "><subfield code="a">(DE-576)1610563263</subfield></datafield><datafield tag="041" ind1=" " ind2=" "><subfield code="a">eng</subfield></datafield><datafield tag="044" ind1=" " ind2=" "><subfield code="c">XD-US</subfield></datafield><datafield tag="245" ind1="1" ind2="0"><subfield code="a">Multiliteracy centers</subfield><subfield code="b">writing center work, new media, and multimodal rhetoric</subfield><subfield code="c">edited by David M. Sheridan ...</subfield></datafield><datafield tag="260" ind1="3" ind2=" "><subfield code="a">Cresskill, NJ</subfield><subfield code="b">Hampton Press</subfield><subfield code="c">2010</subfield></datafield><datafield tag="300" ind1=" " ind2=" "><subfield code="a">VI, 240  Seiten</subfield><subfield code="b">graph. Darst.</subfield></datafield><datafield tag="490" ind1="0" ind2=" "><subfield code="a">New dimensions in computers and composition</subfield></datafield><datafield tag="500" ind1=" " ind2=" "><subfield code="a">Includes bibliographical references and index</subfield></datafield><datafield tag="520" ind1=" " ind2=" "><subfield code="a">Designing multiliteracy centers: a zoning approach / James A. Inman -- Composing multiple spaces: Clemson&apos;s Class of &apos;41 online studio / Morgan Gresham -- Operation and practice: when it isn&apos;t even on the page: peer consulting in multimedia environments / Teddi Fishman -- All things to all people: multiliteracy consulting and the materiality of rhetoric / David M. Sheridan -- Anticipating the momentum of cyborg communicative events / Richard Selfe -- Connections : writing ain&apos;t what it used to be: an exercise: in college multiliteracy / George Cooper -- Multiliteracies across lifetimes: engaging K-12 students: and teachers through technology-based outreach / Troy Hicks -- Production: the future of multiliteracy centers in the e-world: an exploration of cultural narratives and cultural -- Transformations /  Christina Murphy &amp; Lory Hawkes -- Multiliteracy centers as content producers: designing online learning experiences for writers / David M. Sheridan -- Reality check : ihe new media (r)evolution: multiple models for multiliteracies / Jackie Grutsch McKinney</subfield></datafield><datafield tag="650" ind1=" " ind2="7"><subfield code="a">English language</subfield><subfield code="0">(DE-Frei129)00237538</subfield><subfield code="2">local</subfield></datafield><datafield tag="650" ind1=" " ind2="7"><subfield code="a">Rhetoric</subfield><subfield code="0">(DE-Frei129)00239899</subfield><subfield code="2">local</subfield></datafield><datafield tag="650" ind1=" " ind2="7"><subfield code="a">Study and teaching</subfield><subfield code="0">(DE-Frei129)00237273</subfield><subfield code="2">local</subfield></datafield><datafield tag="650" ind1=" " ind2="7"><subfield code="a">Computer network resources</subfield><subfield code="0">(DE-Frei129)00237690</subfield><subfield code="2">local</subfield></datafield><datafield tag="650" ind1=" " ind2="7"><subfield code="a">Report writing</subfield><subfield code="0">(DE-Frei129)00239900</subfield><subfield code="2">local</subfield></datafield><datafield tag="650" ind1=" " ind2="7"><subfield code="a">Mass media and education</subfield><subfield code="0">(DE-Frei129)00758093</subfield><subfield code="2">local</subfield></datafield><datafield tag="650" ind1=" " ind2="7"><subfield code="a">Creative writing (Higher education)</subfield><subfield code="0">(DE-Frei129)00757716</subfield><subfield code="2">local</subfield></datafield><datafield tag="650" ind1=" " ind2="7"><subfield code="a">Writing centers</subfield><subfield code="0">(DE-Frei129)00242168</subfield><subfield code="2">local</subfield></datafield><datafield tag="650" ind1=" " ind2="7"><subfield code="a">Literacy</subfield><subfield code="0">(DE-Frei129)00242159</subfield><subfield code="2">local</subfield></datafield><datafield tag="689" ind1="0" ind2="0"><subfield code="A">s</subfield><subfield code="a">English language </subfield></datafield><datafield tag="689" ind1="0" ind2="1"><subfield code="A">s</subfield><subfield code="a">Rhetoric </subfield></datafield><datafield tag="689" ind1="0" ind2="2"><subfield code="A">s</subfield><subfield code="a">Study and teaching </subfield></datafield><datafield tag="689" ind1="0" ind2="3"><subfield code="A">s</subfield><subfield code="a">Computer network resources</subfield><subfield code="5">DE-101</subfield></datafield><datafield tag="689" ind1="1" ind2="0"><subfield code="A">s</subfield><subfield code="a">Report writing </subfield></datafield><datafield tag="689" ind1="1" ind2="1"><subfield code="A">s</subfield><subfield code="a">Study and teaching </subfield></datafield><datafield tag="689" ind1="1" ind2="2"><subfield code="A">s</subfield><subfield code="a">Computer network resources</subfield><subfield code="5">DE-101</subfield></datafield><datafield tag="689" ind1="2" ind2="0"><subfield code="A">s</subfield><subfield code="a">Mass media and education</subfield><subfield code="5">DE-101</subfield></datafield><datafield tag="689" ind1="3" ind2="0"><subfield code="A">s</subfield><subfield code="a">Creative writing (Higher education)</subfield><subfield code="5">DE-101</subfield></datafield><datafield tag="689" ind1="4" ind2="0"><subfield code="A">s</subfield><subfield code="a">Writing centers</subfield><subfield code="5">DE-101</subfield></datafield><datafield tag="689" ind1="5" ind2="0"><subfield code="A">s</subfield><subfield code="a">Literacy</subfield><subfield code="5">DE-101</subfield></datafield><datafield tag="700" ind1="1" ind2=" "><subfield code="0">(DE-Frei129)00808993</subfield><subfield code="a">Sheridan, David M.</subfield><subfield code="4">oth</subfield></datafield><datafield tag="852" ind1=" " ind2=" "><subfield code="a">Frei 129</subfield><subfield code="b">PHFR</subfield><subfield code="c">HF 336 S552</subfield></datafield><datafield tag="980" ind1="0" ind2=" "><subfield code="a">00283751</subfield><subfield code="9">(PHFR)</subfield><subfield code="b">Handbibliothek (50)</subfield><subfield code="c">Fre B 200: 12</subfield><subfield code="d">Handbibliothek - nie verleihbar (54)</subfield><subfield code="e">Verfügbar (X)</subfield></datafield></record>