
<record><leader>03729nam a2200000uu 4500</leader><controlfield tag="001">02338060</controlfield><controlfield tag="003">DE-Frei129</controlfield><controlfield tag="005">20220811084034.0</controlfield><controlfield tag="007">tu</controlfield><controlfield tag="008">110519s2010    ||||||||||||||||||||eng||</controlfield><datafield tag="020" ind1=" " ind2=" "><subfield code="a">9783110226041</subfield><subfield code="9">9783110226041</subfield></datafield><datafield tag="024" ind1="3" ind2=" "><subfield code="a">9783110226041</subfield></datafield><datafield tag="035" ind1=" " ind2=" "><subfield code="a">(DE-576)1610562682</subfield></datafield><datafield tag="041" ind1=" " ind2=" "><subfield code="a">eng</subfield></datafield><datafield tag="044" ind1=" " ind2=" "><subfield code="c">XA-DE-BE</subfield></datafield><datafield tag="245" ind1="1" ind2="0"><subfield code="a">Handbook of interpersonal communication</subfield><subfield code="c">ed. by Gerd Antos ...  In cooperation with Tilo Weber</subfield></datafield><datafield tag="260" ind1="3" ind2=" "><subfield code="a">Berlin [u.a.]</subfield><subfield code="b">Mouton de Gruyter</subfield><subfield code="c">2010</subfield></datafield><datafield tag="300" ind1=" " ind2=" "><subfield code="a">XX, 638 Seiten</subfield><subfield code="b">Ill., graph. Darst.</subfield></datafield><datafield tag="490" ind1="1" ind2=" "><subfield code="a">Handbooks of Applied Linguistics </subfield><subfield code="v">2</subfield></datafield><datafield tag="650" ind1=" " ind2="7"><subfield code="a">Interpersonale Kommunikation</subfield><subfield code="0">(DE-Frei129)00045120</subfield><subfield code="0">(DE-588)4129721-0</subfield><subfield code="2">gnd</subfield></datafield><datafield tag="650" ind1=" " ind2="7"><subfield code="a">Angewandte Linguistik</subfield><subfield code="0">(DE-Frei129)00043575</subfield><subfield code="0">(DE-588)4127822-7</subfield><subfield code="2">gnd</subfield></datafield><datafield tag="689" ind1="0" ind2="0"><subfield code="0">(DE-588)4129721-0</subfield><subfield code="D">s</subfield><subfield code="a">Interpersonale Kommunikation </subfield></datafield><datafield tag="689" ind1="0" ind2="1"><subfield code="0">(DE-588)4127822-7</subfield><subfield code="D">s</subfield><subfield code="a">Angewandte Linguistik</subfield><subfield code="5">DE-101</subfield></datafield><datafield tag="700" ind1="1" ind2=" "><subfield code="0">(DE-588)109915011</subfield><subfield code="0">(DE-Frei129)00001245</subfield><subfield code="a">Antos, Gerd</subfield><subfield code="4">Hrsg.</subfield></datafield><datafield tag="700" ind1="1" ind2=" "><subfield code="0">(DE-588)138783136</subfield><subfield code="0">(DE-Frei129)00164525</subfield><subfield code="a">Weber, Tilo</subfield><subfield code="4">oth</subfield></datafield><datafield tag="830" ind1=" " ind2="0"><subfield code="a">Handbooks of applied linguistics</subfield><subfield code="v">2</subfield><subfield code="w">(DE-Frei129)00286032</subfield><subfield code="9">12</subfield></datafield><datafield tag="852" ind1=" " ind2=" "><subfield code="a">Frei 129</subfield><subfield code="b">PHFR</subfield><subfield code="c">ES 600 A635</subfield></datafield><datafield tag="856" ind1="4" ind2=" "><subfield code="8">00</subfield><subfield code="u">http://d-nb.info/1004867867/04</subfield><subfield code="y">Inhaltsverzeichnis</subfield></datafield><datafield tag="980" ind1="0" ind2=" "><subfield code="a">00283754</subfield><subfield code="9">(PHFR)</subfield><subfield code="b">Handbibliothek (50)</subfield><subfield code="c">Spra B 700: 48</subfield><subfield code="d">Handbibliothek - nie verleihbar (54)</subfield><subfield code="e">Verfügbar (X)</subfield></datafield></record>