
<record><leader>03740nam a2200000uu 4500</leader><controlfield tag="001">02338029</controlfield><controlfield tag="003">DE-Frei129</controlfield><controlfield tag="005">20220811084034.0</controlfield><controlfield tag="007">tu</controlfield><controlfield tag="008">110517s2010    ||||||||||||||||||||eng||</controlfield><datafield tag="020" ind1=" " ind2=" "><subfield code="a">9781439181904</subfield><subfield code="9">9781439181904</subfield></datafield><datafield tag="035" ind1=" " ind2=" "><subfield code="a">(DE-576)1610528670</subfield></datafield><datafield tag="041" ind1=" " ind2=" "><subfield code="a">eng</subfield></datafield><datafield tag="044" ind1=" " ind2=" "><subfield code="c">XD-US</subfield></datafield><datafield tag="245" ind1="1" ind2="0"><subfield code="a">Learning to die in Miami</subfield><subfield code="b">confessions of a refugee boy</subfield><subfield code="c">Carlos Eire</subfield></datafield><datafield tag="260" ind1="3" ind2=" "><subfield code="a">New York</subfield><subfield code="b">Free Press</subfield><subfield code="c">2010</subfield></datafield><datafield tag="300" ind1=" " ind2=" "><subfield code="a">X, 307 Seiten</subfield></datafield><datafield tag="500" ind1=" " ind2=" "><subfield code="a">Continues: Waiting for snow in Havana / Carlos Eire. New York : Free Press, c2003</subfield></datafield><datafield tag="650" ind1=" " ind2="7"><subfield code="a">Eire, Carlos M. N.</subfield><subfield code="x">Childhood and youth</subfield><subfield code="0">(DE-Frei129)01913383</subfield><subfield code="2">local</subfield></datafield><datafield tag="650" ind1=" " ind2="7"><subfield code="a">Cuban Americans</subfield><subfield code="x">Biography</subfield><subfield code="0">(DE-Frei129)01913384</subfield><subfield code="2">local</subfield></datafield><datafield tag="650" ind1=" " ind2="7"><subfield code="a">Refugee children</subfield><subfield code="x">Biography</subfield><subfield code="x">Florida</subfield><subfield code="x">Miami</subfield><subfield code="0">(DE-Frei129)01913385</subfield><subfield code="2">local</subfield></datafield><datafield tag="650" ind1=" " ind2="7"><subfield code="a">Miami (Fla.)</subfield><subfield code="x">Biography</subfield><subfield code="0">(DE-Frei129)01913386</subfield><subfield code="2">local</subfield></datafield><datafield tag="689" ind1="0" ind2="0"><subfield code="A">s</subfield><subfield code="a">Eire, Carlos M. N. / Childhood and youth</subfield><subfield code="5">DE-101</subfield></datafield><datafield tag="689" ind1="1" ind2="0"><subfield code="A">s</subfield><subfield code="a">Cuban Americans / Biography</subfield><subfield code="5">DE-101</subfield></datafield><datafield tag="689" ind1="2" ind2="0"><subfield code="A">s</subfield><subfield code="a">Refugee children / Biography / Florida / Miami</subfield><subfield code="5">DE-101</subfield></datafield><datafield tag="689" ind1="3" ind2="0"><subfield code="A">s</subfield><subfield code="a">Miami (Fla.) / Biography</subfield><subfield code="5">DE-101</subfield></datafield><datafield tag="700" ind1="1" ind2=" "><subfield code="0">(DE-588)128475285</subfield><subfield code="0">(DE-Frei129)00790246</subfield><subfield code="a">Eire, Carlos M. N.</subfield><subfield code="4">aut</subfield></datafield><datafield tag="852" ind1=" " ind2=" "><subfield code="a">Frei 129</subfield><subfield code="b">PHFR</subfield><subfield code="c">HU 9800 E35</subfield></datafield><datafield tag="980" ind1="0" ind2=" "><subfield code="a">00218860</subfield><subfield code="9">(PHFR)</subfield><subfield code="b">2.OG (35)</subfield><subfield code="c">HU 9800 E35</subfield><subfield code="d">Standardleihe (01)</subfield><subfield code="e">Verfügbar (X)</subfield></datafield></record>