
<record><leader>04784nam a2200000uu 4500</leader><controlfield tag="001">02338009</controlfield><controlfield tag="003">DE-Frei129</controlfield><controlfield tag="005">20220811084034.0</controlfield><controlfield tag="007">tu</controlfield><controlfield tag="008">110516s2010    ||||||||||||||||||||eng||</controlfield><datafield tag="020" ind1=" " ind2=" "><subfield code="a">9780415499026</subfield><subfield code="9">9780415499026</subfield><subfield code="c">pbk.</subfield></datafield><datafield tag="020" ind1=" " ind2=" "><subfield code="a">9780203867570</subfield><subfield code="9">9780203867570</subfield><subfield code="c">ebook</subfield></datafield><datafield tag="035" ind1=" " ind2=" "><subfield code="a">(DE-576)1610504631</subfield></datafield><datafield tag="041" ind1=" " ind2=" "><subfield code="a">eng</subfield></datafield><datafield tag="044" ind1=" " ind2=" "><subfield code="c">XA-GB</subfield></datafield><datafield tag="245" ind1="1" ind2="0"><subfield code="a">Creating writers</subfield><subfield code="b">a creative writing manual for key stage 2 and key stage 3</subfield><subfield code="c">James Carter</subfield></datafield><datafield tag="250" ind1=" " ind2=" "><subfield code="a">revised and updated ed.</subfield></datafield><datafield tag="260" ind1="3" ind2=" "><subfield code="a">Abingdon, Oxon, England ; New York</subfield><subfield code="b">Routledge</subfield><subfield code="c">2010</subfield></datafield><datafield tag="300" ind1=" " ind2=" "><subfield code="a">VIII, 168  Seiten</subfield><subfield code="b">Ill.</subfield></datafield><datafield tag="500" ind1=" " ind2=" "><subfield code="a">Includes bibliographical references</subfield></datafield><datafield tag="650" ind1=" " ind2="7"><subfield code="a">English language</subfield><subfield code="0">(DE-Frei129)00237538</subfield><subfield code="2">local</subfield></datafield><datafield tag="650" ind1=" " ind2="7"><subfield code="a">Composition and exercises</subfield><subfield code="0">(DE-Frei129)00242968</subfield><subfield code="2">local</subfield></datafield><datafield tag="650" ind1=" " ind2="7"><subfield code="a">Study and teaching  (Elementary)</subfield><subfield code="0">(DE-Frei129)14293952</subfield><subfield code="2">local</subfield></datafield><datafield tag="650" ind1=" " ind2="7"><subfield code="a">Creative writing (Elementary education)</subfield><subfield code="0">(DE-Frei129)01913333</subfield><subfield code="2">local</subfield></datafield><datafield tag="650" ind1=" " ind2="7"><subfield code="a">Study and teaching  (Middle school)</subfield><subfield code="0">(DE-Frei129)14293953</subfield><subfield code="2">local</subfield></datafield><datafield tag="650" ind1=" " ind2="7"><subfield code="a">Creative writing (Middle school)</subfield><subfield code="0">(DE-Frei129)01913335</subfield><subfield code="2">local</subfield></datafield><datafield tag="689" ind1="0" ind2="0"><subfield code="A">s</subfield><subfield code="a">English language </subfield></datafield><datafield tag="689" ind1="0" ind2="1"><subfield code="A">s</subfield><subfield code="a">Composition and exercises </subfield></datafield><datafield tag="689" ind1="0" ind2="2"><subfield code="A">s</subfield><subfield code="a">Study and teaching  (Elementary)</subfield><subfield code="5">DE-101</subfield></datafield><datafield tag="689" ind1="1" ind2="0"><subfield code="A">s</subfield><subfield code="a">Creative writing (Elementary education)</subfield><subfield code="5">DE-101</subfield></datafield><datafield tag="689" ind1="2" ind2="0"><subfield code="A">s</subfield><subfield code="a">English language </subfield></datafield><datafield tag="689" ind1="2" ind2="1"><subfield code="A">s</subfield><subfield code="a">Composition and exercises </subfield></datafield><datafield tag="689" ind1="2" ind2="2"><subfield code="A">s</subfield><subfield code="a">Study and teaching  (Middle school)</subfield><subfield code="5">DE-101</subfield></datafield><datafield tag="689" ind1="3" ind2="0"><subfield code="A">s</subfield><subfield code="a">Creative writing (Middle school)</subfield><subfield code="5">DE-101</subfield></datafield><datafield tag="700" ind1="1" ind2=" "><subfield code="0">(DE-Frei129)00284757</subfield><subfield code="a">Carter, James</subfield><subfield code="4">aut</subfield></datafield><datafield tag="852" ind1=" " ind2=" "><subfield code="a">Frei 129</subfield><subfield code="b">PHFR</subfield><subfield code="c">HD 206 C323</subfield></datafield><datafield tag="980" ind1="0" ind2=" "><subfield code="a">00215523</subfield><subfield code="9">(PHFR)</subfield><subfield code="b">2.OG (35)</subfield><subfield code="c">HD 206 C323</subfield><subfield code="d">Standardleihe (01)</subfield><subfield code="e">Verfügbar (X)</subfield></datafield></record>