
<record><leader>02283nam a2200000uuc4500</leader><controlfield tag="001">02337908</controlfield><controlfield tag="003">DE-Frei129</controlfield><controlfield tag="005">20220811084034.0</controlfield><controlfield tag="007">tu</controlfield><controlfield tag="008">110909s2010    ||||||||||||||||||||ger||</controlfield><datafield tag="020" ind1=" " ind2=" "><subfield code="a">9783140401265</subfield><subfield code="9">9783140401265</subfield></datafield><datafield tag="035" ind1=" " ind2=" "><subfield code="a">(DE-576)1413611125</subfield></datafield><datafield tag="041" ind1=" " ind2=" "><subfield code="a">ger</subfield></datafield><datafield tag="245" ind1="1" ind2="0"><subfield code="a">Australia</subfield><subfield code="b">national identity and cultural diversity</subfield><subfield code="n">[Hauptbd.]</subfield><subfield code="c">by Rainer H. Berthelmann</subfield></datafield><datafield tag="260" ind1="3" ind2=" "><subfield code="a">Paderborn</subfield><subfield code="b">Schöningh</subfield><subfield code="c">2010</subfield></datafield><datafield tag="300" ind1=" " ind2=" "><subfield code="a">65 Seiten</subfield></datafield><datafield tag="700" ind1="1" ind2=" "><subfield code="0">(DE-588)109231589</subfield><subfield code="0">(DE-Frei129)00811086</subfield><subfield code="a">Berthelmann, Rainer</subfield><subfield code="4">aut</subfield></datafield><datafield tag="773" ind1="0" ind2="8"><subfield code="w">(DE-Frei129)02337907</subfield><subfield code="q">[HAUPTBD.]</subfield></datafield><datafield tag="852" ind1=" " ind2=" "><subfield code="a">Frei129</subfield><subfield code="c">HD 415 B539</subfield></datafield><datafield tag="980" ind1="0" ind2=" "><subfield code="a">00283793</subfield><subfield code="9">(PHFR)</subfield><subfield code="b">Handbibliothek (50)</subfield><subfield code="c">Fre N 810: 73</subfield><subfield code="d">Handbibliothek - nie verleihbar (54)</subfield><subfield code="e">Verfügbar (X)</subfield></datafield><datafield tag="980" ind1="0" ind2=" "><subfield code="a">00355754</subfield><subfield code="9">(PHFR)</subfield><subfield code="b">2.OG (35)</subfield><subfield code="c">Fre N 810: 73</subfield><subfield code="d">Standardleihe (01)</subfield><subfield code="e">Verfügbar (X)</subfield></datafield></record>