
<record><leader>04684nam a2200000uu 4500</leader><controlfield tag="001">02337777</controlfield><controlfield tag="003">DE-Frei129</controlfield><controlfield tag="005">20220811084034.0</controlfield><controlfield tag="007">tu</controlfield><controlfield tag="008">090423s2010    ||||||||||||||||||||ger||</controlfield><datafield tag="020" ind1=" " ind2=" "><subfield code="a">9783425079783</subfield><subfield code="9">9783425079783</subfield><subfield code="c">br. : Eur 16,95 (D)</subfield></datafield><datafield tag="024" ind1="3" ind2=" "><subfield code="a">9783425079783</subfield></datafield><datafield tag="035" ind1=" " ind2=" "><subfield code="a">(DE-576)598239871</subfield></datafield><datafield tag="041" ind1=" " ind2=" "><subfield code="a">ger</subfield><subfield code="a">eng</subfield></datafield><datafield tag="044" ind1=" " ind2=" "><subfield code="c">XA-DE-NI</subfield></datafield><datafield tag="245" ind1="1" ind2="0"><subfield code="a">Gott und die Welt</subfield><subfield code="b">mit Jugendlichen kompetent nach Gott fragen ; Sekundarstufe I</subfield><subfield code="c">/ Religionspädag. Studienzentrum der Ev. Kirche in Hessen und Nassau, RPZ. Gabriele Sies (Hg.). [Autor/innen dieses H.: Anke Balschun ...]</subfield></datafield><datafield tag="260" ind1="3" ind2=" "><subfield code="a">Braunschweig</subfield><subfield code="b">Diesterweg</subfield><subfield code="c">2010</subfield></datafield><datafield tag="300" ind1=" " ind2=" "><subfield code="a">120 Seiten</subfield><subfield code="b">Ill., Kt., graph. Darst.</subfield></datafield><datafield tag="490" ind1="0" ind2=" "><subfield code="a">Schönberger Impulse. Praxisideen Religion</subfield></datafield><datafield tag="490" ind1="0" ind2=" "><subfield code="a">Praxisideen Religion</subfield></datafield><datafield tag="500" ind1=" " ind2=" "><subfield code="a">Text überw. dt., teilw. engl.</subfield></datafield><datafield tag="500" ind1=" " ind2=" "><subfield code="a">IMD-Felder maschinell generiert (GBV)</subfield></datafield><datafield tag="650" ind1=" " ind2="7"><subfield code="a">Gottesfrage</subfield><subfield code="0">(DE-Frei129)00010042</subfield><subfield code="0">(DE-588)4131943-6</subfield><subfield code="2">gnd</subfield></datafield><datafield tag="650" ind1=" " ind2="7"><subfield code="a">Evangelischer Religionsunterricht</subfield><subfield code="0">(DE-Frei129)00028655</subfield><subfield code="0">(DE-588)4071045-2</subfield><subfield code="2">gnd</subfield></datafield><datafield tag="650" ind1=" " ind2="7"><subfield code="a">Sekundarstufe 1</subfield><subfield code="0">(DE-Frei129)00021625</subfield><subfield code="0">(DE-588)4054365-1</subfield><subfield code="2">gnd</subfield></datafield><datafield tag="689" ind1="0" ind2="0"><subfield code="0">(DE-588)4131943-6</subfield><subfield code="D">s</subfield><subfield code="a">Gottesfrage </subfield></datafield><datafield tag="689" ind1="0" ind2="1"><subfield code="0">(DE-588)4071045-2</subfield><subfield code="D">s</subfield><subfield code="a">Evangelischer Religionsunterricht </subfield></datafield><datafield tag="689" ind1="0" ind2="2"><subfield code="0">(DE-588)4054365-1</subfield><subfield code="D">s</subfield><subfield code="a">Sekundarstufe 1</subfield><subfield code="5">DE-101</subfield></datafield><datafield tag="700" ind1="1" ind2=" "><subfield code="0">(DE-588)131847805</subfield><subfield code="0">(DE-Frei129)58043143</subfield><subfield code="a">Sies, Gabriele</subfield><subfield code="4">Hrsg.</subfield></datafield><datafield tag="700" ind1="1" ind2=" "><subfield code="0">(DE-Frei129)00339843</subfield><subfield code="a">Balschun, Anke</subfield><subfield code="4">oth</subfield></datafield><datafield tag="710" ind1="2" ind2=" "><subfield code="0">(DE-Frei129)00005581</subfield><subfield code="0">(DE-588)2064354-8</subfield><subfield code="a">Religionspädagogisches Studienzentrum der Evangelischen Kirche in Hessen und Nassau (Kronberg im Taunus)</subfield><subfield code="4">oth</subfield></datafield><datafield tag="852" ind1=" " ind2=" "><subfield code="a">Frei 129</subfield><subfield code="b">PHFR</subfield><subfield code="c">BU 5100 S573</subfield></datafield><datafield tag="856" ind1="4" ind2=" "><subfield code="8">00</subfield><subfield code="u">http://www.gbv.de/dms/gei/598239871.pdf</subfield><subfield code="y">Inhaltsverzeichnis</subfield></datafield><datafield tag="980" ind1="0" ind2=" "><subfield code="a">00218451</subfield><subfield code="9">(PHFR)</subfield><subfield code="b">UG (33)</subfield><subfield code="c">BU 5100 S573</subfield><subfield code="d">Standardleihe (01)</subfield><subfield code="e">Verfügbar (X)</subfield></datafield></record>