
<record><leader>01998nam a2200000uuc4500</leader><controlfield tag="001">02337446</controlfield><controlfield tag="003">DE-Frei129</controlfield><controlfield tag="005">20220811084034.0</controlfield><controlfield tag="007">tu</controlfield><controlfield tag="008">110430s2010    |||||||||||||||||||||||||</controlfield><datafield tag="020" ind1=" " ind2=" "><subfield code="a">9780141324913</subfield><subfield code="9">978-0-141-32491-3</subfield></datafield><datafield tag="035" ind1=" " ind2=" "><subfield code="a">(DE-576)1412176182</subfield></datafield><datafield tag="245" ind1="1" ind2="0"><subfield code="a">Diary of a wimpy kid</subfield><subfield code="n">2</subfield><subfield code="p">Rodrick rules / by Jeff Kinney</subfield><subfield code="c">by Jeff Kinney</subfield></datafield><datafield tag="250" ind1=" " ind2=" "><subfield code="a">reissued</subfield></datafield><datafield tag="260" ind1="3" ind2=" "><subfield code="a">London</subfield><subfield code="b">Penguin Books</subfield><subfield code="c">2010 c2008</subfield></datafield><datafield tag="300" ind1=" " ind2=" "><subfield code="a">216  Seiten</subfield><subfield code="b">Ill.</subfield></datafield><datafield tag="700" ind1="1" ind2=" "><subfield code="0">(DE-Frei129)00529877</subfield><subfield code="a">Kinney, Jeff</subfield><subfield code="4">aut</subfield></datafield><datafield tag="773" ind1="0" ind2="8"><subfield code="w">(DE-Frei129)02263329</subfield><subfield code="q">12</subfield></datafield><datafield tag="852" ind1=" " ind2=" "><subfield code="a">Frei 129</subfield><subfield code="b">PHFR</subfield><subfield code="c">HU 9800 K55 D5 -2</subfield></datafield><datafield tag="980" ind1="0" ind2=" "><subfield code="a">00283895</subfield><subfield code="9">(PHFR)</subfield><subfield code="b">Handbibliothek (50)</subfield><subfield code="c">Fre N 210: 33,2</subfield><subfield code="d">Handbibliothek - nie verleihbar (54)</subfield><subfield code="e">Verfügbar (X)</subfield></datafield></record>