
<record><leader>02835nam a2200000uu 4500</leader><controlfield tag="001">02337381</controlfield><controlfield tag="003">DE-Frei129</controlfield><controlfield tag="005">20220811084034.0</controlfield><controlfield tag="007">tu</controlfield><controlfield tag="008">110429s2010    ||||||||||||||||||||ger||</controlfield><datafield tag="015" ind1=" " ind2=" "><subfield code="a">10,A51</subfield></datafield><datafield tag="016" ind1="7" ind2=" "><subfield code="a">1003509088</subfield><subfield code="2">DE-101</subfield></datafield><datafield tag="020" ind1=" " ind2=" "><subfield code="a">9783427429005</subfield><subfield code="9">978-3-427-42900-5</subfield><subfield code="c">kart. : EUR 14.95</subfield></datafield><datafield tag="024" ind1="3" ind2=" "><subfield code="a">9783427429005</subfield></datafield><datafield tag="035" ind1=" " ind2=" "><subfield code="a">(DE-576)160949931X</subfield></datafield><datafield tag="041" ind1=" " ind2=" "><subfield code="a">ger</subfield></datafield><datafield tag="044" ind1=" " ind2=" "><subfield code="c">XA-DE-NW</subfield></datafield><datafield tag="100" ind1="1" ind2=" "><subfield code="a">Finkenzeller, Anita</subfield><subfield code="0">(DE-Frei129)00807030</subfield></datafield><datafield tag="245" ind1="1" ind2="0"><subfield code="a">Praxis und Methoden für die sozialpädagogische Erstausbildung</subfield><subfield code="b">Arbeitsheft</subfield><subfield code="c">Anita Finkenzeller; Gabriele Kuhn-Schmelz</subfield></datafield><datafield tag="250" ind1=" " ind2=" "><subfield code="a">1. Aufl.</subfield></datafield><datafield tag="260" ind1="3" ind2=" "><subfield code="a">Troisdorf</subfield><subfield code="b">Bildungsverlag EINS</subfield><subfield code="c">2010</subfield></datafield><datafield tag="300" ind1=" " ind2=" "><subfield code="a">134  Seiten</subfield><subfield code="b">Ill.</subfield><subfield code="c">30 cm</subfield></datafield><datafield tag="500" ind1=" " ind2=" "><subfield code="a">5090: ddsu/sred</subfield></datafield><datafield tag="700" ind1="1" ind2=" "><subfield code="0">(DE-Frei129)00807031</subfield><subfield code="a">Kuhn-Schmelz, Gabriele</subfield><subfield code="4">aut</subfield></datafield><datafield tag="852" ind1=" " ind2=" "><subfield code="a">Frei129</subfield><subfield code="c">Paed U 860: 93</subfield></datafield><datafield tag="856" ind1="4" ind2=" "><subfield code="8">00</subfield><subfield code="u">http://d-nb.info/1003509088/04</subfield><subfield code="y">Inhaltsverzeichnis</subfield></datafield><datafield tag="980" ind1="0" ind2=" "><subfield code="a">00218084</subfield><subfield code="9">(PHFR)</subfield><subfield code="b">EG-Anbau (32)</subfield><subfield code="c">Paed U 860: 93</subfield><subfield code="d">Standardleihe (01)</subfield><subfield code="e">Verfügbar (X)</subfield></datafield></record>