
<record><leader>04576nam a2200000uu 4500</leader><controlfield tag="001">02337379</controlfield><controlfield tag="003">DE-Frei129</controlfield><controlfield tag="005">20220811084034.0</controlfield><controlfield tag="007">tu</controlfield><controlfield tag="008">100623s2010    ||||||||||||||||||||ger||</controlfield><datafield tag="015" ind1=" " ind2=" "><subfield code="a">10,A51</subfield></datafield><datafield tag="016" ind1="7" ind2=" "><subfield code="a">1003552056</subfield><subfield code="2">DE-101</subfield></datafield><datafield tag="020" ind1=" " ind2=" "><subfield code="a">9783427504825</subfield><subfield code="9">9783427504825</subfield><subfield code="c">kart. : EUR 24.90</subfield></datafield><datafield tag="024" ind1="3" ind2=" "><subfield code="a">9783427504825</subfield></datafield><datafield tag="035" ind1=" " ind2=" "><subfield code="a">(DE-576)629934460</subfield></datafield><datafield tag="041" ind1=" " ind2=" "><subfield code="a">ger</subfield></datafield><datafield tag="044" ind1=" " ind2=" "><subfield code="c">XA-DE-NW</subfield></datafield><datafield tag="100" ind1="1" ind2=" "><subfield code="a">Armbrust, Joachim</subfield><subfield code="0">(DE-Frei129)03001046</subfield><subfield code="0">(DE-588)132658895</subfield></datafield><datafield tag="245" ind1="1" ind2="0"><subfield code="a">Kinderängste bewältigen</subfield><subfield code="b">wie Erzieher/-innen Kinder stärken können</subfield><subfield code="c">Joachim Armbrust; Jasmin Hasslinger</subfield></datafield><datafield tag="250" ind1=" " ind2=" "><subfield code="a">1. Aufl.</subfield></datafield><datafield tag="260" ind1="3" ind2=" "><subfield code="a">Troisdorf</subfield><subfield code="b">Bildungsverl. EINS</subfield><subfield code="c">2010</subfield></datafield><datafield tag="300" ind1=" " ind2=" "><subfield code="a">150 Seiten</subfield><subfield code="b">Ill.</subfield><subfield code="c">30 cm</subfield><subfield code="e">9 Bilderkt.-Beil. (zahlr. Ill.)</subfield></datafield><datafield tag="490" ind1="0" ind2=" "><subfield code="a">Soziale und emotionale Bildung, 3 - 6 Jahre</subfield></datafield><datafield tag="490" ind1="0" ind2=" "><subfield code="a">Bildung von Anfang an</subfield></datafield><datafield tag="500" ind1=" " ind2=" "><subfield code="a">IMD-Felder maschinell generiert (GBV)</subfield></datafield><datafield tag="650" ind1=" " ind2="7"><subfield code="a">Vorschulkind</subfield><subfield code="0">(DE-Frei129)00025681</subfield><subfield code="0">(DE-588)4064017-6</subfield><subfield code="2">gnd</subfield></datafield><datafield tag="650" ind1=" " ind2="7"><subfield code="a">Angstbewältigung</subfield><subfield code="0">(DE-Frei129)00078895</subfield><subfield code="0">(DE-588)4235839-5</subfield><subfield code="2">gnd</subfield></datafield><datafield tag="689" ind1="0" ind2="0"><subfield code="0">(DE-588)4064017-6</subfield><subfield code="D">s</subfield><subfield code="a">Vorschulkind </subfield></datafield><datafield tag="689" ind1="0" ind2="1"><subfield code="0">(DE-588)4235839-5</subfield><subfield code="D">s</subfield><subfield code="a">Angstbewältigung</subfield><subfield code="5">DE-101</subfield></datafield><datafield tag="700" ind1="1" ind2=" "><subfield code="0">(DE-588)142915602</subfield><subfield code="0">(DE-Frei129)22000629</subfield><subfield code="a">Hasslinger, Jasmin</subfield><subfield code="4">aut</subfield></datafield><datafield tag="852" ind1=" " ind2=" "><subfield code="a">Frei129</subfield><subfield code="c">Paed G 940: 133</subfield></datafield><datafield tag="856" ind1="4" ind2=" "><subfield code="8">00</subfield><subfield code="u">http://www.socialnet.de/rezensionen/isbn.php?isbn=978-3-427-50482-5</subfield><subfield code="y">Rezension</subfield></datafield><datafield tag="856" ind1="4" ind2=" "><subfield code="8">01</subfield><subfield code="u">http://d-nb.info/1003552056/04</subfield><subfield code="y">Verlagsinformation</subfield></datafield><datafield tag="980" ind1="0" ind2=" "><subfield code="a">00218085</subfield><subfield code="9">(PHFR)</subfield><subfield code="b">EG-Anbau (32)</subfield><subfield code="c">Paed G 940: 133</subfield><subfield code="d">Standardleihe (01)</subfield><subfield code="e">Verfügbar (X)</subfield></datafield><datafield tag="980" ind1="0" ind2=" "><subfield code="a">00342852</subfield><subfield code="9">(PHFR)</subfield><subfield code="b">EG-Anbau (32)</subfield><subfield code="c">Paed G 940: 133 a</subfield><subfield code="d">Standardleihe (01)</subfield><subfield code="e">Verfügbar (X)</subfield></datafield></record>