
<record><leader>01688nam a2200000uuc4500</leader><controlfield tag="001">02337372</controlfield><controlfield tag="003">DE-Frei129</controlfield><controlfield tag="005">20220811084034.0</controlfield><controlfield tag="007">tu</controlfield><controlfield tag="008">110428s2010    |||||||||||||||||||||||||</controlfield><datafield tag="020" ind1=" " ind2=" "><subfield code="a">9783637008823</subfield><subfield code="9">9783637008823</subfield></datafield><datafield tag="035" ind1=" " ind2=" "><subfield code="a">(DE-576)1411314468</subfield></datafield><datafield tag="245" ind1="1" ind2="0"><subfield code="a">Englisch-Stars</subfield><subfield code="n">4</subfield><subfield code="c">erarb. von Barbara Gleich...]</subfield></datafield><datafield tag="250" ind1=" " ind2=" "><subfield code="a">1. Aufl.</subfield></datafield><datafield tag="260" ind1="3" ind2=" "><subfield code="a">München</subfield><subfield code="b">Oldenbourg</subfield><subfield code="c">2010</subfield></datafield><datafield tag="300" ind1=" " ind2=" "><subfield code="a">64 Seiten</subfield></datafield><datafield tag="773" ind1="0" ind2="8"><subfield code="w">(DE-Frei129)02337368</subfield><subfield code="q">14</subfield></datafield><datafield tag="852" ind1=" " ind2=" "><subfield code="a">Frei129</subfield><subfield code="c">HD 220 I S796 -4</subfield></datafield><datafield tag="980" ind1="0" ind2=" "><subfield code="a">00283902</subfield><subfield code="9">(PHFR)</subfield><subfield code="b">Handbibliothek (50)</subfield><subfield code="c">Fre O 110: 30,4</subfield><subfield code="d">Handbibliothek - nie verleihbar (54)</subfield><subfield code="e">Verfügbar (X)</subfield></datafield></record>