
<record><leader>03950nam a2200000uu 4500</leader><controlfield tag="001">02337342</controlfield><controlfield tag="003">DE-Frei129</controlfield><controlfield tag="005">20220811084035.0</controlfield><controlfield tag="007">tu</controlfield><controlfield tag="008">110428s2010    ||||||||||||||||||||ger||</controlfield><datafield tag="015" ind1=" " ind2=" "><subfield code="a">09,A10,0813</subfield></datafield><datafield tag="016" ind1="7" ind2=" "><subfield code="a">989861686</subfield><subfield code="2">DE-101</subfield></datafield><datafield tag="020" ind1=" " ind2=" "><subfield code="a">9783941032002</subfield><subfield code="9">978-3-941032-00-2</subfield><subfield code="c">kart. : EUR 14.90</subfield></datafield><datafield tag="024" ind1="3" ind2=" "><subfield code="a">9783941032002</subfield></datafield><datafield tag="035" ind1=" " ind2=" "><subfield code="a">(DE-576)160948312X</subfield></datafield><datafield tag="041" ind1=" " ind2=" "><subfield code="a">ger</subfield></datafield><datafield tag="044" ind1=" " ind2=" "><subfield code="c">XA-DE-BY</subfield></datafield><datafield tag="100" ind1="1" ind2=" "><subfield code="a">Heinrich, Horst J.</subfield><subfield code="0">(DE-Frei129)00794517</subfield></datafield><datafield tag="245" ind1="1" ind2="0"><subfield code="a">Schlüssel zum erfolgreichen Lernen</subfield><subfield code="b">Einführung in das vernetzte Lernen</subfield><subfield code="c">Horst-Jürgen Heinrich</subfield></datafield><datafield tag="250" ind1=" " ind2=" "><subfield code="a">2. Aufl.</subfield></datafield><datafield tag="260" ind1="3" ind2=" "><subfield code="a">Rosenheim</subfield><subfield code="b">VSWKommunikation</subfield><subfield code="c">2010</subfield></datafield><datafield tag="300" ind1=" " ind2=" "><subfield code="a">141  Seiten</subfield><subfield code="b">Ill., graph. Darst., Kt.</subfield><subfield code="c">21 cm</subfield></datafield><datafield tag="500" ind1=" " ind2=" "><subfield code="a">Literaturverz. S. [144]</subfield></datafield><datafield tag="650" ind1=" " ind2="7"><subfield code="a">Ganzheitliches Denken</subfield><subfield code="0">(DE-Frei129)00082934</subfield><subfield code="0">(DE-588)4277654-5</subfield><subfield code="2">gnd</subfield></datafield><datafield tag="650" ind1=" " ind2="7"><subfield code="a">Lerntechnik</subfield><subfield code="0">(DE-Frei129)00007797</subfield><subfield code="0">(DE-588)4074168-0</subfield><subfield code="2">gnd</subfield></datafield><datafield tag="689" ind1="0" ind2="0"><subfield code="0">(DE-588)4277654-5</subfield><subfield code="D">s</subfield><subfield code="a">Ganzheitliches Denken </subfield></datafield><datafield tag="689" ind1="0" ind2="1"><subfield code="0">(DE-588)4074168-0</subfield><subfield code="D">s</subfield><subfield code="a">Lerntechnik</subfield><subfield code="5">DE-101</subfield></datafield><datafield tag="852" ind1=" " ind2=" "><subfield code="a">Frei129</subfield><subfield code="c">Paed H 540: 201</subfield></datafield><datafield tag="856" ind1="4" ind2=" "><subfield code="8">00</subfield><subfield code="u">http://d-nb.info/989861686/04</subfield><subfield code="y">Inhaltsverzeichnis</subfield></datafield><datafield tag="856" ind1="4" ind2=" "><subfield code="8">01</subfield><subfield code="u">http://deposit.d-nb.de/cgi-bin/dokserv?id=3142851&amp;prov=M&amp;dok_var=1&amp;dok_ext=htm</subfield><subfield code="y">Inhaltstext</subfield></datafield><datafield tag="856" ind1="4" ind2=" "><subfield code="8">02</subfield><subfield code="u">http://www.in-netzen-lernen.de/43345.html</subfield><subfield code="y">Ausführliche Beschreibung</subfield></datafield><datafield tag="980" ind1="0" ind2=" "><subfield code="a">00215535</subfield><subfield code="9">(PHFR)</subfield><subfield code="b">EG-Anbau (32)</subfield><subfield code="c">Paed H 540: 201</subfield><subfield code="d">Standardleihe (01)</subfield><subfield code="e">Verfügbar (X)</subfield></datafield></record>