
<record><leader>08835nam a2200000uu 4500</leader><controlfield tag="001">02337331</controlfield><controlfield tag="003">DE-Frei129</controlfield><controlfield tag="005">20220811084035.0</controlfield><controlfield tag="007">tu</controlfield><controlfield tag="008">110126s2010    |||||||||m||||||||||ger||</controlfield><datafield tag="015" ind1=" " ind2=" "><subfield code="a">11,A09</subfield></datafield><datafield tag="016" ind1="7" ind2=" "><subfield code="a">1009106325</subfield><subfield code="2">DE-101</subfield></datafield><datafield tag="020" ind1=" " ind2=" "><subfield code="a">9783899138092</subfield><subfield code="9">9783899138092</subfield><subfield code="c">kart. : EUR 37.00 (DE)</subfield></datafield><datafield tag="024" ind1="3" ind2=" "><subfield code="a">9783899138092</subfield></datafield><datafield tag="035" ind1=" " ind2=" "><subfield code="a">(DE-576)644661216</subfield></datafield><datafield tag="041" ind1=" " ind2=" "><subfield code="a">ger</subfield></datafield><datafield tag="044" ind1=" " ind2=" "><subfield code="c">XA-DE-BY</subfield></datafield><datafield tag="245" ind1="1" ind2="0"><subfield code="a">Zum Arbeitsunterricht im Herbartianismus</subfield><subfield code="b">eine Untersuchung zur thematischen Differenziertheit in herbartianischen Diskussionen</subfield><subfield code="c">Katrin Henkel</subfield></datafield><datafield tag="260" ind1="3" ind2=" "><subfield code="a">Würzburg</subfield><subfield code="b">ERGON-Verl.</subfield><subfield code="c">2010</subfield></datafield><datafield tag="300" ind1=" " ind2=" "><subfield code="a">269 Seiten</subfield><subfield code="b">Ill., graph. Darst.</subfield><subfield code="c">230 mm x 155 mm</subfield></datafield><datafield tag="490" ind1="1" ind2=" "><subfield code="a">Erziehung, Schule, Gesellschaft </subfield><subfield code="v">Bd. 59</subfield></datafield><datafield tag="500" ind1=" " ind2=" "><subfield code="a">Duisburg</subfield></datafield><datafield tag="500" ind1=" " ind2=" "><subfield code="a">IMD-Felder maschinell generiert (GBV)</subfield></datafield><datafield tag="502" ind1=" " ind2=" "><subfield code="a">Zugl.: Jena, Univ., Diss., 2010 u.d.T.: Henkel, Katrin: Zum Arbeitsunterricht im Herbartianismus : Eine Untersuchung zur thematischen Differenziertheit im Herbartianismus</subfield></datafield><datafield tag="610" ind1="1" ind2="7"><subfield code="a">Leipzig</subfield><subfield code="0">(DE-Frei129)00015226</subfield><subfield code="0">(DE-588)4035206-7</subfield><subfield code="2">gnd</subfield></datafield><datafield tag="648" ind1=" " ind2="7"><subfield code="a">Geschichte</subfield><subfield code="0">(DE-Frei129)00000468</subfield><subfield code="2">local</subfield></datafield><datafield tag="650" ind1=" " ind2="7"><subfield code="a">Herbartianismus</subfield><subfield code="0">(DE-Frei129)00057432</subfield><subfield code="0">(DE-588)4159578-6</subfield><subfield code="2">gnd</subfield></datafield><datafield tag="650" ind1=" " ind2="7"><subfield code="a">Arbeitsunterricht</subfield><subfield code="0">(DE-Frei129)00053378</subfield><subfield code="0">(DE-588)4142923-0</subfield><subfield code="2">gnd</subfield></datafield><datafield tag="650" ind1=" " ind2="7"><subfield code="a">Entwicklungspsychologie</subfield><subfield code="0">(DE-Frei129)00007066</subfield><subfield code="0">(DE-588)4014963-8</subfield><subfield code="2">gnd</subfield></datafield><datafield tag="650" ind1=" " ind2="7"><subfield code="a">Fachzeitschrift</subfield><subfield code="0">(DE-Frei129)00007728</subfield><subfield code="0">(DE-588)4016222-9</subfield><subfield code="2">gnd</subfield></datafield><datafield tag="650" ind1=" " ind2="7"><subfield code="a">Wissenschaftsentwicklung</subfield><subfield code="0">(DE-Frei129)00033514</subfield><subfield code="0">(DE-588)4079355-2</subfield><subfield code="2">gnd</subfield></datafield><datafield tag="650" ind1=" " ind2="7"><subfield code="a">Handarbeitsunterricht</subfield><subfield code="0">(DE-Frei129)00010488</subfield><subfield code="0">(DE-588)4023211-6</subfield><subfield code="2">gnd</subfield></datafield><datafield tag="650" ind1=" " ind2="7"><subfield code="a">Arbeitsschule</subfield><subfield code="0">(DE-Frei129)00047978</subfield><subfield code="0">(DE-588)4133578-8</subfield><subfield code="2">gnd</subfield></datafield><datafield tag="650" ind1=" " ind2="7"><subfield code="a">Anschauungsunterricht</subfield><subfield code="0">(DE-Frei129)00079425</subfield><subfield code="0">(DE-588)4240912-3</subfield><subfield code="2">gnd</subfield></datafield><datafield tag="650" ind1=" " ind2="7"><subfield code="a">Werkunterricht</subfield><subfield code="0">(DE-Frei129)00024042</subfield><subfield code="0">(DE-588)4065590-8</subfield><subfield code="2">gnd</subfield></datafield><datafield tag="651" ind1=" " ind2="7"><subfield code="a">Deutschland</subfield><subfield code="0">(DE-Frei129)00005806</subfield><subfield code="0">(DE-588)4011882-4</subfield><subfield code="2">gnd</subfield></datafield><datafield tag="689" ind1="0" ind2="0"><subfield code="0">(DE-588)4159578-6</subfield><subfield code="D">s</subfield><subfield code="a">Herbartianismus </subfield></datafield><datafield tag="689" ind1="0" ind2="1"><subfield code="0">(DE-588)4142923-0</subfield><subfield code="D">s</subfield><subfield code="a">Arbeitsunterricht </subfield></datafield><datafield tag="689" ind1="0" ind2="2"><subfield code="0">(DE-588)4035206-7</subfield><subfield code="D">g</subfield><subfield code="a">Leipzig </subfield></datafield><datafield tag="689" ind1="0" ind2="3"><subfield code="A">s</subfield><subfield code="a">Geschichte</subfield><subfield code="5">DE-101</subfield></datafield><datafield tag="689" ind1="1" ind2="0"><subfield code="0">(DE-588)4011882-4</subfield><subfield code="D">g</subfield><subfield code="a">Deutschland </subfield></datafield><datafield tag="689" ind1="1" ind2="1"><subfield code="0">(DE-588)4035206-7</subfield><subfield code="D">g</subfield><subfield code="a">Leipzig </subfield></datafield><datafield tag="689" ind1="1" ind2="2"><subfield code="0">(DE-588)4159578-6</subfield><subfield code="D">s</subfield><subfield code="a">Herbartianismus </subfield></datafield><datafield tag="689" ind1="1" ind2="3"><subfield code="0">(DE-588)4142923-0</subfield><subfield code="D">s</subfield><subfield code="a">Arbeitsunterricht </subfield></datafield><datafield tag="689" ind1="1" ind2="4"><subfield code="0">(DE-588)4014963-8</subfield><subfield code="D">s</subfield><subfield code="a">Entwicklungspsychologie </subfield></datafield><datafield tag="689" ind1="1" ind2="5"><subfield code="0">(DE-588)4016222-9</subfield><subfield code="D">s</subfield><subfield code="a">Fachzeitschrift </subfield></datafield><datafield tag="689" ind1="1" ind2="6"><subfield code="0">(DE-588)4079355-2</subfield><subfield code="D">s</subfield><subfield code="a">Wissenschaftsentwicklung </subfield></datafield><datafield tag="689" ind1="1" ind2="7"><subfield code="0">(DE-588)4023211-6</subfield><subfield code="D">s</subfield><subfield code="a">Handarbeitsunterricht </subfield></datafield><datafield tag="689" ind1="1" ind2="8"><subfield code="0">(DE-588)4133578-8</subfield><subfield code="D">s</subfield><subfield code="a">Arbeitsschule </subfield></datafield><datafield tag="689" ind1="1" ind2="9"><subfield code="0">(DE-588)4240912-3</subfield><subfield code="D">s</subfield><subfield code="a">Anschauungsunterricht </subfield></datafield><datafield tag="700" ind1="1" ind2=" "><subfield code="0">(DE-Frei129)00808941</subfield><subfield code="a">Henkel, Katrin</subfield><subfield code="4">aut</subfield></datafield><datafield tag="830" ind1=" " ind2="0"><subfield code="a">Erziehung, Schule, Gesellschaft</subfield><subfield code="v">Bd. 59</subfield><subfield code="w">(DE-Frei129)00160718</subfield><subfield code="9">259</subfield></datafield><datafield tag="852" ind1=" " ind2=" "><subfield code="a">Frei129</subfield><subfield code="c">Paed D Her 1: 53</subfield></datafield><datafield tag="856" ind1="4" ind2=" "><subfield code="8">00</subfield><subfield code="u">http://external.dandelon.com/download/attachments/dandelon/ids/DE0046C40551DA4B28594C12578D70063B146.pdf</subfield><subfield code="y">Inhaltsverzeichnis</subfield></datafield><datafield tag="856" ind1="4" ind2=" "><subfield code="8">01</subfield><subfield code="u">https://external.dandelon.com/download/attachments/dandelon/ids/DE0046C40551DA4B28594C12578D70063B146.pdf</subfield><subfield code="y">Inhaltsverzeichnis</subfield></datafield><datafield tag="980" ind1="0" ind2=" "><subfield code="a">00218431</subfield><subfield code="9">(PHFR)</subfield><subfield code="b">EG-Anbau (32)</subfield><subfield code="c">Paed D Her 1: 53</subfield><subfield code="d">Standardleihe (01)</subfield><subfield code="e">Verfügbar (X)</subfield></datafield></record>