
<record><leader>03650nam a2200000uu 4500</leader><controlfield tag="001">02337316</controlfield><controlfield tag="003">DE-Frei129</controlfield><controlfield tag="005">20220811084035.0</controlfield><controlfield tag="007">tu</controlfield><controlfield tag="008">100422s2010    ||||||||||||||||||||ger||</controlfield><datafield tag="020" ind1=" " ind2=" "><subfield code="a">9783834606648</subfield><subfield code="9">9783834606648</subfield><subfield code="c">GEH. : EUR 9.80, EUR 10.10 (AT), sfr 18.00 (freier Pr.)</subfield></datafield><datafield tag="035" ind1=" " ind2=" "><subfield code="a">(DE-576)624468666</subfield></datafield><datafield tag="041" ind1=" " ind2=" "><subfield code="a">ger</subfield></datafield><datafield tag="044" ind1=" " ind2=" "><subfield code="c">XA-DE-NW</subfield></datafield><datafield tag="100" ind1="1" ind2=" "><subfield code="a">Gronenberg, Cathrin</subfield><subfield code="0">(DE-Frei129)00808938</subfield></datafield><datafield tag="245" ind1="1" ind2="0"><subfield code="a">Instrumente</subfield><subfield code="b">[geeignet für die Klassen 5 - 6]</subfield><subfield code="c">Cathrin Gronenberg</subfield></datafield><datafield tag="260" ind1="3" ind2=" "><subfield code="a">Mülheim an der Ruhr</subfield><subfield code="b">Verl. an der Ruhr</subfield><subfield code="c">2010</subfield></datafield><datafield tag="300" ind1=" " ind2=" "><subfield code="a">40 Seiten</subfield><subfield code="b">Ill., graph. Darst., Noten</subfield><subfield code="c">30 cm</subfield></datafield><datafield tag="490" ind1="0" ind2=" "><subfield code="a">Musik-Themenhefte</subfield></datafield><datafield tag="500" ind1=" " ind2=" "><subfield code="a">Literaturverz. S. 40</subfield></datafield><datafield tag="500" ind1=" " ind2=" "><subfield code="a">IMD-Felder maschinell generiert (GBV)</subfield></datafield><datafield tag="650" ind1=" " ind2="7"><subfield code="a">Musikinstrument</subfield><subfield code="0">(DE-Frei129)00006768</subfield><subfield code="0">(DE-588)4040851-6</subfield><subfield code="2">gnd</subfield></datafield><datafield tag="650" ind1=" " ind2="7"><subfield code="a">Musikerziehung</subfield><subfield code="0">(DE-Frei129)00012027</subfield><subfield code="0">(DE-588)4040843-7</subfield><subfield code="2">gnd</subfield></datafield><datafield tag="689" ind1="0" ind2="0"><subfield code="0">(DE-588)4040851-6</subfield><subfield code="D">s</subfield><subfield code="a">Musikinstrument </subfield></datafield><datafield tag="689" ind1="0" ind2="1"><subfield code="0">(DE-588)4040843-7</subfield><subfield code="D">s</subfield><subfield code="a">Musikerziehung</subfield><subfield code="5">DE-101</subfield></datafield><datafield tag="852" ind1=" " ind2=" "><subfield code="a">Frei 129</subfield><subfield code="b">PHFR</subfield><subfield code="c">LR 56980 G876</subfield></datafield><datafield tag="856" ind1="4" ind2=" "><subfield code="8">00</subfield><subfield code="u">http://deposit.d-nb.de/cgi-bin/dokserv?id=3454708&amp;prov=M&amp;dok_var=1&amp;dok_ext=htm</subfield><subfield code="y">Inhaltstext</subfield></datafield><datafield tag="856" ind1="4" ind2=" "><subfield code="8">01</subfield><subfield code="u">http://deposit.d-nb.de/cgi-bin/dokserv?id=3454708&amp;prov=M&amp;dok_var=1&amp;dok_ext=htm</subfield><subfield code="y">Verlagsinformation</subfield></datafield><datafield tag="980" ind1="0" ind2=" "><subfield code="a">00216515</subfield><subfield code="9">(PHFR)</subfield><subfield code="b">3.OG (37)</subfield><subfield code="c">LR 56980 G876</subfield><subfield code="d">Standardleihe (01)</subfield><subfield code="e">Verfügbar (X)</subfield></datafield></record>