
<record><leader>05060nam a2200000uu 4500</leader><controlfield tag="001">02337311</controlfield><controlfield tag="003">DE-Frei129</controlfield><controlfield tag="005">20220811084035.0</controlfield><controlfield tag="007">tu</controlfield><controlfield tag="008">101006s2010    ||||||||||||||||||||ger||</controlfield><datafield tag="015" ind1=" " ind2=" "><subfield code="a">11,A07</subfield></datafield><datafield tag="016" ind1="7" ind2=" "><subfield code="a">1007276738</subfield><subfield code="2">DE-101</subfield></datafield><datafield tag="020" ind1=" " ind2=" "><subfield code="a">9783834452559</subfield><subfield code="9">9783834452559</subfield><subfield code="c">kart. : EUR 9.95 (DE), sfr 18.00 (freier Pr.)</subfield></datafield><datafield tag="024" ind1="3" ind2=" "><subfield code="a">9783834452559</subfield></datafield><datafield tag="035" ind1=" " ind2=" "><subfield code="a">(DE-576)636261344</subfield></datafield><datafield tag="041" ind1=" " ind2=" "><subfield code="a">ger</subfield><subfield code="h">swe</subfield></datafield><datafield tag="044" ind1=" " ind2=" "><subfield code="c">XA-DE-NI</subfield></datafield><datafield tag="100" ind1="1" ind2=" "><subfield code="a">Edling, Lars</subfield><subfield code="0">(DE-Frei129)58036518</subfield><subfield code="0">(DE-588)12950243X</subfield></datafield><datafield tag="245" ind1="1" ind2="0"><subfield code="a">SchülerInnen lösen ihre Konflikte</subfield><subfield code="b">eine einfache Methode</subfield><subfield code="c">Lars Edling. In dt. Übers. von Karsten Koll</subfield></datafield><datafield tag="246" ind1="1" ind2="0"><subfield code="a">Schülerinnen lösen ihre Konflikte</subfield></datafield><datafield tag="246" ind1="1" ind2="3"><subfield code="a">Kompissamtal</subfield></datafield><datafield tag="246" ind1="1" ind2="3"><subfield code="a">Kopissamtal</subfield></datafield><datafield tag="250" ind1=" " ind2=" "><subfield code="a">2. Aufl.</subfield></datafield><datafield tag="260" ind1="3" ind2=" "><subfield code="a">Buxtehude</subfield><subfield code="b">AOL-Verl.</subfield><subfield code="c">2010</subfield></datafield><datafield tag="300" ind1=" " ind2=" "><subfield code="a">91 Seiten</subfield><subfield code="b">Ill.</subfield><subfield code="c">21 cm, 150 g</subfield></datafield><datafield tag="500" ind1=" " ind2=" "><subfield code="a">Aus dem Schwed. übers.</subfield></datafield><datafield tag="500" ind1=" " ind2=" "><subfield code="a">IMD-Felder maschinell generiert (GBV)</subfield></datafield><datafield tag="610" ind1="2" ind2="7"><subfield code="a">Slottv°angschule</subfield><subfield code="0">(DE-Frei129)00249531</subfield><subfield code="0">(DE-588)4806254-6</subfield><subfield code="2">gnd</subfield></datafield><datafield tag="650" ind1=" " ind2="7"><subfield code="a">Schüler</subfield><subfield code="0">(DE-Frei129)00002305</subfield><subfield code="0">(DE-588)4053369-4</subfield><subfield code="2">gnd</subfield></datafield><datafield tag="650" ind1=" " ind2="7"><subfield code="a">Konfliktlösung</subfield><subfield code="0">(DE-Frei129)00036545</subfield><subfield code="0">(DE-588)4114266-4</subfield><subfield code="2">gnd</subfield></datafield><datafield tag="689" ind1="0" ind2="0"><subfield code="0">(DE-588)4806254-6</subfield><subfield code="D">b</subfield><subfield code="a">Slottv°angschule </subfield></datafield><datafield tag="689" ind1="0" ind2="1"><subfield code="0">(DE-588)4053369-4</subfield><subfield code="D">s</subfield><subfield code="a">Schüler </subfield></datafield><datafield tag="689" ind1="0" ind2="2"><subfield code="0">(DE-588)4114266-4</subfield><subfield code="D">s</subfield><subfield code="a">Konfliktlösung</subfield><subfield code="5">DE-101</subfield></datafield><datafield tag="700" ind1="1" ind2=" "><subfield code="0">(DE-588)130825581</subfield><subfield code="0">(DE-Frei129)00153080</subfield><subfield code="a">Koll, Karsten</subfield><subfield code="4">Übers.</subfield></datafield><datafield tag="852" ind1=" " ind2=" "><subfield code="a">Frei129</subfield><subfield code="c">Psy G 590: 124</subfield></datafield><datafield tag="856" ind1="4" ind2=" "><subfield code="8">00</subfield><subfield code="u">http://d-nb.info/1007276738/04</subfield><subfield code="y">Kurzbeschreibung des Verlags</subfield></datafield><datafield tag="856" ind1="4" ind2=" "><subfield code="8">01</subfield><subfield code="u">http://deposit.d-nb.de/cgi-bin/dokserv?id=3543642&amp;prov=M&amp;dok_var=1&amp;dok_ext=htm</subfield><subfield code="y">Verlagsinformation</subfield></datafield><datafield tag="856" ind1="4" ind2=" "><subfield code="8">02</subfield><subfield code="u">http://d-nb.info/1007276738/04</subfield><subfield code="y">Inhaltsverzeichnis</subfield></datafield><datafield tag="980" ind1="0" ind2=" "><subfield code="a">00218786</subfield><subfield code="9">(PHFR)</subfield><subfield code="b">EG-Anbau (32)</subfield><subfield code="c">Psy G 590: 124</subfield><subfield code="d">Standardleihe (01)</subfield><subfield code="e">Verfügbar (X)</subfield></datafield></record>