
<record><leader>03576nam a2200000uu 4500</leader><controlfield tag="001">02337258</controlfield><controlfield tag="003">DE-Frei129</controlfield><controlfield tag="005">20220811084035.0</controlfield><controlfield tag="007">tu</controlfield><controlfield tag="008">110421s2010    ||||||||||||||||||||ger||</controlfield><datafield tag="020" ind1=" " ind2=" "><subfield code="a">9783822847756</subfield><subfield code="9">978-3-8228-4775-6</subfield></datafield><datafield tag="035" ind1=" " ind2=" "><subfield code="a">(DE-576)1047557045</subfield></datafield><datafield tag="041" ind1=" " ind2=" "><subfield code="a">ger</subfield></datafield><datafield tag="245" ind1="1" ind2="0"><subfield code="a">Geschichte der Photographie von 1839 bis heute</subfield><subfield code="c">The George Eastman House collection. [Hrsg.: Therese Mulligan ...]</subfield></datafield><datafield tag="250" ind1=" " ind2=" "><subfield code="a">Originalausg.</subfield></datafield><datafield tag="260" ind1="3" ind2=" "><subfield code="a">Köln</subfield><subfield code="b">Taschen</subfield><subfield code="c">2010</subfield></datafield><datafield tag="300" ind1=" " ind2=" "><subfield code="a">766  Seiten</subfield><subfield code="b">Ill.,</subfield><subfield code="c">195 mm x 140 mm, 1451 gr.</subfield></datafield><datafield tag="500" ind1=" " ind2=" "><subfield code="a">IMD-Felder und 1131 maschinell ergänzt</subfield></datafield><datafield tag="610" ind1="2" ind2="7"><subfield code="a">International Museum of Photography and Film</subfield><subfield code="0">(DE-Frei129)00125295</subfield><subfield code="0">(DE-588)10038479-1</subfield><subfield code="2">gnd</subfield></datafield><datafield tag="648" ind1=" " ind2="7"><subfield code="a">Geschichte 1839-2005</subfield><subfield code="0">(DE-Frei129)00755610</subfield><subfield code="2">local</subfield></datafield><datafield tag="650" ind1=" " ind2="7"><subfield code="a">Fotografie</subfield><subfield code="0">(DE-Frei129)00000932</subfield><subfield code="0">(DE-588)4045895-7</subfield><subfield code="2">gnd</subfield></datafield><datafield tag="655" ind1=" " ind2="7"><subfield code="a">Bildband</subfield><subfield code="0">(DE-Frei129)00000116</subfield><subfield code="2">local</subfield></datafield><datafield tag="689" ind1="0" ind2="0"><subfield code="0">(DE-588)10038479-1</subfield><subfield code="D">b</subfield><subfield code="a">International Museum of Photography and Film </subfield></datafield><datafield tag="689" ind1="0" ind2="1"><subfield code="0">(DE-588)4045895-7</subfield><subfield code="D">s</subfield><subfield code="a">Fotografie </subfield></datafield><datafield tag="689" ind1="0" ind2="2"><subfield code="A">s</subfield><subfield code="a">Geschichte 1839-2005 </subfield></datafield><datafield tag="689" ind1="0" ind2="3"><subfield code="A">s</subfield><subfield code="a">Bildband</subfield><subfield code="5">DE-101</subfield></datafield><datafield tag="700" ind1="1" ind2=" "><subfield code="0">(DE-Frei129)00381158</subfield><subfield code="a">Mulligan, Therese</subfield><subfield code="4">Hrsg.</subfield></datafield><datafield tag="852" ind1=" " ind2=" "><subfield code="a">Frei 129</subfield><subfield code="b">PHFR</subfield><subfield code="c">AP 94200 M959</subfield></datafield><datafield tag="980" ind1="0" ind2=" "><subfield code="a">00218701</subfield><subfield code="9">(PHFR)</subfield><subfield code="b">UG (33)</subfield><subfield code="c">AP 94200 M959</subfield><subfield code="d">Standardleihe (01)</subfield><subfield code="e">Verfügbar (X)</subfield></datafield></record>