
<record><leader>01981nam a2200000uu 4500</leader><controlfield tag="001">02337236</controlfield><controlfield tag="003">DE-Frei129</controlfield><controlfield tag="005">20220811084035.0</controlfield><controlfield tag="007">tu</controlfield><controlfield tag="008">110420s2010    ||||||||||||||||||||fre||</controlfield><datafield tag="020" ind1=" " ind2=" "><subfield code="a">9782845634749</subfield><subfield code="9">978-2-84563-474-9</subfield></datafield><datafield tag="035" ind1=" " ind2=" "><subfield code="a">(DE-576)1609394542</subfield></datafield><datafield tag="041" ind1=" " ind2=" "><subfield code="a">fre</subfield></datafield><datafield tag="245" ind1="1" ind2="0"><subfield code="a">Qu&apos;apprend-on à l&apos;école élémentaire ?</subfield><subfield code="b">2010-2011, les programmes officiels</subfield><subfield code="c">Ministère de l&apos;éducation nationale</subfield></datafield><datafield tag="260" ind1="3" ind2=" "><subfield code="a">[Futuroscope]</subfield><subfield code="a">[Paris]</subfield><subfield code="a">61-Lonrai</subfield><subfield code="b">SCÉRÉN-CNDP-CRDP</subfield><subfield code="b">Normandie roto impr</subfield><subfield code="c">impr. 2010</subfield></datafield><datafield tag="300" ind1=" " ind2=" "><subfield code="a">124  Seiten</subfield><subfield code="b">couv. ill. en coul</subfield><subfield code="c">22 cm</subfield></datafield><datafield tag="500" ind1=" " ind2=" "><subfield code="a">Notice réd. d&apos;après la couv</subfield></datafield><datafield tag="852" ind1=" " ind2=" "><subfield code="a">Frei 129</subfield><subfield code="b">PHFR</subfield><subfield code="c">DK 3015 Q1</subfield></datafield><datafield tag="980" ind1="0" ind2=" "><subfield code="a">00218861</subfield><subfield code="9">(PHFR)</subfield><subfield code="b">EG-Anbau (32)</subfield><subfield code="c">DK 3015 Q1</subfield><subfield code="d">Standardleihe (01)</subfield><subfield code="e">Verfügbar (X)</subfield></datafield></record>