
<record><leader>17816nam a2200000uu 4500</leader><controlfield tag="001">02337209</controlfield><controlfield tag="003">DE-Frei129</controlfield><controlfield tag="005">20220811084035.0</controlfield><controlfield tag="007">tu</controlfield><controlfield tag="008">100714s2010    ||||||||||||||||||||ger||</controlfield><datafield tag="015" ind1=" " ind2=" "><subfield code="a">10,N28</subfield></datafield><datafield tag="016" ind1="7" ind2=" "><subfield code="a">1004286953</subfield><subfield code="2">DE-101</subfield></datafield><datafield tag="020" ind1=" " ind2=" "><subfield code="a">9783867361057</subfield><subfield code="9">9783867361057</subfield><subfield code="c">PB. : EUR 16.80</subfield></datafield><datafield tag="024" ind1="3" ind2=" "><subfield code="a">9783867361057</subfield></datafield><datafield tag="035" ind1=" " ind2=" "><subfield code="a">(DE-576)631164162</subfield></datafield><datafield tag="041" ind1=" " ind2=" "><subfield code="a">ger</subfield></datafield><datafield tag="044" ind1=" " ind2=" "><subfield code="c">XA-DE-BY</subfield></datafield><datafield tag="100" ind1="1" ind2=" "><subfield code="a">Xue, Lin</subfield><subfield code="0">(DE-Frei129)00808931</subfield></datafield><datafield tag="245" ind1="1" ind2="0"><subfield code="a">Spiegelwelten</subfield><subfield code="b">ein interkulturelles Medienprojekt mit deutschen und chinesischen Mädchen im Internet</subfield><subfield code="c">Lin Xue</subfield></datafield><datafield tag="260" ind1="3" ind2=" "><subfield code="a">München</subfield><subfield code="b">Kopaed-Ver.</subfield><subfield code="c">c 2010</subfield></datafield><datafield tag="300" ind1=" " ind2=" "><subfield code="a">196 Seiten</subfield><subfield code="b">Ill., graph. Darst</subfield><subfield code="c">2100 mm x 1480 mm, 250 gr.</subfield></datafield><datafield tag="500" ind1=" " ind2=" "><subfield code="a">Freiburg</subfield></datafield><datafield tag="500" ind1=" " ind2=" "><subfield code="a">Dissertationsvermerk lt. Promotionsstelle der Pädagogischen Hochschule Freiburg</subfield></datafield><datafield tag="500" ind1=" " ind2=" "><subfield code="a">IMD-Felder maschinell generiert (GBV)</subfield></datafield><datafield tag="502" ind1=" " ind2=" "><subfield code="a">Zugl.: Freiburg, Pädagog. Hochschule, Diss., 2010</subfield></datafield><datafield tag="648" ind1=" " ind2="7"><subfield code="a">Germany</subfield><subfield code="0">(DE-Frei129)14259060</subfield><subfield code="2">local</subfield></datafield><datafield tag="650" ind1=" " ind2="7"><subfield code="a">Internet</subfield><subfield code="0">(DE-Frei129)00089551</subfield><subfield code="0">(DE-588)4308416-3</subfield><subfield code="2">gnd</subfield></datafield><datafield tag="650" ind1=" " ind2="7"><subfield code="a">Weibliche Jugend</subfield><subfield code="0">(DE-Frei129)00070479</subfield><subfield code="0">(DE-588)4189399-2</subfield><subfield code="2">gnd</subfield></datafield><datafield tag="650" ind1=" " ind2="7"><subfield code="a">Kulturkontakt</subfield><subfield code="0">(DE-Frei129)00000900</subfield><subfield code="0">(DE-588)4033569-0</subfield><subfield code="2">gnd</subfield></datafield><datafield tag="650" ind1=" " ind2="7"><subfield code="a">Interkulturelles Lernen</subfield><subfield code="0">(DE-Frei129)00040502</subfield><subfield code="0">(DE-588)4245398-7</subfield><subfield code="2">gnd</subfield></datafield><datafield tag="650" ind1=" " ind2="7"><subfield code="a">Projektmethode</subfield><subfield code="0">(DE-Frei129)00072084</subfield><subfield code="0">(DE-588)4193994-3</subfield><subfield code="2">gnd</subfield></datafield><datafield tag="650" ind1=" " ind2="7"><subfield code="a">Mass media and girls</subfield><subfield code="0">(DE-Frei129)14262127</subfield><subfield code="2">local</subfield></datafield><datafield tag="650" ind1=" " ind2="7"><subfield code="a">Multicultural education</subfield><subfield code="0">(DE-Frei129)00237944</subfield><subfield code="2">local</subfield></datafield><datafield tag="650" ind1=" " ind2="7"><subfield code="a">Internet and youth</subfield><subfield code="0">(DE-Frei129)14282456</subfield><subfield code="2">local</subfield></datafield><datafield tag="650" ind1=" " ind2="7"><subfield code="a">Kulturaustausch</subfield><subfield code="0">(DE-Frei129)00000898</subfield><subfield code="0">(DE-588)4165964-8</subfield><subfield code="2">gnd</subfield></datafield><datafield tag="650" ind1=" " ind2="7"><subfield code="a">Interkulturalität</subfield><subfield code="0">(DE-Frei129)00014518</subfield><subfield code="0">(DE-588)4519498-1</subfield><subfield code="2">gnd</subfield></datafield><datafield tag="650" ind1=" " ind2="7"><subfield code="a">Student</subfield><subfield code="0">(DE-Frei129)00002313</subfield><subfield code="0">(DE-588)4058167-6</subfield><subfield code="2">gnd</subfield></datafield><datafield tag="650" ind1=" " ind2="7"><subfield code="a">Schüler</subfield><subfield code="0">(DE-Frei129)00002305</subfield><subfield code="0">(DE-588)4053369-4</subfield><subfield code="2">gnd</subfield></datafield><datafield tag="650" ind1=" " ind2="7"><subfield code="a">Deutsche</subfield><subfield code="0">(DE-Frei129)00005807</subfield><subfield code="0">(DE-588)4070334-4</subfield><subfield code="2">gnd</subfield></datafield><datafield tag="650" ind1=" " ind2="7"><subfield code="a">Kultur</subfield><subfield code="0">(DE-Frei129)00126006</subfield><subfield code="0">(DE-588)4125698-0</subfield><subfield code="2">gnd</subfield></datafield><datafield tag="650" ind1=" " ind2="7"><subfield code="a">Zugang</subfield><subfield code="0">(DE-Frei129)00071109</subfield><subfield code="0">(DE-588)4191103-9</subfield><subfield code="2">gnd</subfield></datafield><datafield tag="650" ind1=" " ind2="7"><subfield code="a">Medienpädagogik</subfield><subfield code="0">(DE-Frei129)00008121</subfield><subfield code="0">(DE-588)4074659-8</subfield><subfield code="2">gnd</subfield></datafield><datafield tag="650" ind1=" " ind2="7"><subfield code="a">Fotografie</subfield><subfield code="0">(DE-Frei129)00000932</subfield><subfield code="0">(DE-588)4045895-7</subfield><subfield code="2">gnd</subfield></datafield><datafield tag="650" ind1=" " ind2="7"><subfield code="a">Interkulturelle Erziehung</subfield><subfield code="0">(DE-Frei129)00040073</subfield><subfield code="0">(DE-588)4123440-6</subfield><subfield code="2">gnd</subfield></datafield><datafield tag="650" ind1=" " ind2="7"><subfield code="a">Erziehungsziel</subfield><subfield code="0">(DE-Frei129)00028607</subfield><subfield code="0">(DE-588)4070957-7</subfield><subfield code="2">gnd</subfield></datafield><datafield tag="650" ind1=" " ind2="7"><subfield code="a">Internationale Kooperation</subfield><subfield code="0">(DE-Frei129)00016633</subfield><subfield code="0">(DE-588)4120503-0</subfield><subfield code="2">gnd</subfield></datafield><datafield tag="650" ind1=" " ind2="7"><subfield code="a">Volksrepublik China</subfield><subfield code="0">(DE-Frei129)00725032</subfield><subfield code="2">local</subfield></datafield><datafield tag="650" ind1=" " ind2="7"><subfield code="a">Interkulturelle Beziehungen</subfield><subfield code="0">(DE-Frei129)00725059</subfield><subfield code="2">local</subfield></datafield><datafield tag="650" ind1=" " ind2="7"><subfield code="a">Studenten/Schüler</subfield><subfield code="0">(DE-Frei129)00725449</subfield><subfield code="2">local</subfield></datafield><datafield tag="650" ind1=" " ind2="7"><subfield code="a">Chinesen</subfield><subfield code="0">(DE-Frei129)00758177</subfield><subfield code="2">local</subfield></datafield><datafield tag="650" ind1=" " ind2="7"><subfield code="a">Kulturzugang</subfield><subfield code="0">(DE-Frei129)00726501</subfield><subfield code="2">local</subfield></datafield><datafield tag="650" ind1=" " ind2="7"><subfield code="a">Bildungsziele</subfield><subfield code="0">(DE-Frei129)00725378</subfield><subfield code="2">local</subfield></datafield><datafield tag="650" ind1=" " ind2="7"><subfield code="a">Internationale projektbezogene Zusammenarbeit</subfield><subfield code="0">(DE-Frei129)00726888</subfield><subfield code="2">local</subfield></datafield><datafield tag="650" ind1=" " ind2="7"><subfield code="a">Vorbereitung von Projekten</subfield><subfield code="0">(DE-Frei129)00727386</subfield><subfield code="2">local</subfield></datafield><datafield tag="650" ind1=" " ind2="7"><subfield code="a">Durchführung von Projekten</subfield><subfield code="0">(DE-Frei129)00726960</subfield><subfield code="2">local</subfield></datafield><datafield tag="650" ind1=" " ind2="7"><subfield code="a">Fremdbild</subfield><subfield code="0">(DE-Frei129)00725216</subfield><subfield code="2">local</subfield></datafield><datafield tag="650" ind1=" " ind2="7"><subfield code="a">Auslandsbild</subfield><subfield code="0">(DE-Frei129)00725060</subfield><subfield code="2">local</subfield></datafield><datafield tag="650" ind1=" " ind2="7"><subfield code="a">Deutschlandbild</subfield><subfield code="0">(DE-Frei129)00757494</subfield><subfield code="2">local</subfield></datafield><datafield tag="650" ind1=" " ind2="7"><subfield code="a">Wissenschaftliche Methoden</subfield><subfield code="0">(DE-Frei129)00725517</subfield><subfield code="2">local</subfield></datafield><datafield tag="651" ind1=" " ind2="7"><subfield code="a">Deutschland</subfield><subfield code="0">(DE-Frei129)00005806</subfield><subfield code="0">(DE-588)4011882-4</subfield><subfield code="2">gnd</subfield></datafield><datafield tag="651" ind1=" " ind2="7"><subfield code="a">China</subfield><subfield code="0">(DE-Frei129)00004998</subfield><subfield code="0">(DE-588)4009937-4</subfield><subfield code="2">gnd</subfield></datafield><datafield tag="689" ind1="0" ind2="0"><subfield code="0">(DE-588)4011882-4</subfield><subfield code="D">g</subfield><subfield code="a">Deutschland </subfield></datafield><datafield tag="689" ind1="0" ind2="1"><subfield code="0">(DE-588)4009937-4</subfield><subfield code="D">g</subfield><subfield code="a">China </subfield></datafield><datafield tag="689" ind1="0" ind2="2"><subfield code="0">(DE-588)4308416-3</subfield><subfield code="D">s</subfield><subfield code="a">Internet </subfield></datafield><datafield tag="689" ind1="0" ind2="3"><subfield code="0">(DE-588)4189399-2</subfield><subfield code="D">s</subfield><subfield code="a">Weibliche Jugend </subfield></datafield><datafield tag="689" ind1="0" ind2="4"><subfield code="0">(DE-588)4033569-0</subfield><subfield code="D">s</subfield><subfield code="a">Kulturkontakt </subfield></datafield><datafield tag="689" ind1="0" ind2="5"><subfield code="0">(DE-588)4245398-7</subfield><subfield code="D">s</subfield><subfield code="a">Interkulturelles Lernen </subfield></datafield><datafield tag="689" ind1="0" ind2="6"><subfield code="0">(DE-588)4193994-3</subfield><subfield code="D">s</subfield><subfield code="a">Projektmethode</subfield><subfield code="5">DE-101</subfield></datafield><datafield tag="689" ind1="1" ind2="0"><subfield code="A">s</subfield><subfield code="a">Mass media and girls </subfield></datafield><datafield tag="689" ind1="1" ind2="1"><subfield code="A">s</subfield><subfield code="a">Germany</subfield><subfield code="5">DE-101</subfield></datafield><datafield tag="689" ind1="2" ind2="0"><subfield code="A">s</subfield><subfield code="a">Mass media and girls </subfield></datafield><datafield tag="689" ind1="2" ind2="1"><subfield code="0">(DE-588)4009937-4</subfield><subfield code="D">g</subfield><subfield code="a">China</subfield><subfield code="5">DE-101</subfield></datafield><datafield tag="689" ind1="3" ind2="0"><subfield code="A">s</subfield><subfield code="a">Multicultural education </subfield></datafield><datafield tag="689" ind1="3" ind2="1"><subfield code="A">s</subfield><subfield code="a">Germany</subfield><subfield code="5">DE-101</subfield></datafield><datafield tag="689" ind1="4" ind2="0"><subfield code="A">s</subfield><subfield code="a">Multicultural education </subfield></datafield><datafield tag="689" ind1="4" ind2="1"><subfield code="0">(DE-588)4009937-4</subfield><subfield code="D">g</subfield><subfield code="a">China</subfield><subfield code="5">DE-101</subfield></datafield><datafield tag="689" ind1="5" ind2="0"><subfield code="A">s</subfield><subfield code="a">Internet and youth </subfield></datafield><datafield tag="689" ind1="5" ind2="1"><subfield code="A">s</subfield><subfield code="a">Germany</subfield><subfield code="5">DE-101</subfield></datafield><datafield tag="689" ind1="6" ind2="0"><subfield code="A">s</subfield><subfield code="a">Internet and youth </subfield></datafield><datafield tag="689" ind1="6" ind2="1"><subfield code="0">(DE-588)4009937-4</subfield><subfield code="D">g</subfield><subfield code="a">China</subfield><subfield code="5">DE-101</subfield></datafield><datafield tag="689" ind1="7" ind2="0"><subfield code="0">(DE-588)4011882-4</subfield><subfield code="D">g</subfield><subfield code="a">Deutschland </subfield></datafield><datafield tag="689" ind1="7" ind2="1"><subfield code="0">(DE-588)4009937-4</subfield><subfield code="D">g</subfield><subfield code="a">China </subfield></datafield><datafield tag="689" ind1="7" ind2="2"><subfield code="0">(DE-588)4165964-8</subfield><subfield code="D">s</subfield><subfield code="a">Kulturaustausch </subfield></datafield><datafield tag="689" ind1="7" ind2="3"><subfield code="0">(DE-588)4519498-1</subfield><subfield code="D">s</subfield><subfield code="a">Interkulturalität </subfield></datafield><datafield tag="689" ind1="7" ind2="4"><subfield code="0">(DE-588)4058167-6</subfield><subfield code="D">s</subfield><subfield code="a">Student </subfield></datafield><datafield tag="689" ind1="7" ind2="5"><subfield code="0">(DE-588)4053369-4</subfield><subfield code="D">s</subfield><subfield code="a">Schüler </subfield></datafield><datafield tag="689" ind1="7" ind2="6"><subfield code="0">(DE-588)4070334-4</subfield><subfield code="D">s</subfield><subfield code="a">Deutsche </subfield></datafield><datafield tag="689" ind1="7" ind2="7"><subfield code="0">(DE-588)4308416-3</subfield><subfield code="D">s</subfield><subfield code="a">Internet </subfield></datafield><datafield tag="689" ind1="7" ind2="8"><subfield code="0">(DE-588)4125698-0</subfield><subfield code="D">s</subfield><subfield code="a">Kultur </subfield></datafield><datafield tag="689" ind1="7" ind2="9"><subfield code="0">(DE-588)4191103-9</subfield><subfield code="D">s</subfield><subfield code="a">Zugang </subfield></datafield><datafield tag="689" ind1="8" ind2="0"><subfield code="0">(DE-588)4011882-4</subfield><subfield code="D">g</subfield><subfield code="a">Deutschland </subfield></datafield><datafield tag="689" ind1="8" ind2="1"><subfield code="A">s</subfield><subfield code="a">Volksrepublik China </subfield></datafield><datafield tag="689" ind1="8" ind2="2"><subfield code="0">(DE-588)4165964-8</subfield><subfield code="D">s</subfield><subfield code="a">Kulturaustausch </subfield></datafield><datafield tag="689" ind1="8" ind2="3"><subfield code="A">s</subfield><subfield code="a">Interkulturelle Beziehungen </subfield></datafield><datafield tag="689" ind1="8" ind2="4"><subfield code="A">s</subfield><subfield code="a">Studenten/Schüler </subfield></datafield><datafield tag="689" ind1="8" ind2="5"><subfield code="0">(DE-588)4070334-4</subfield><subfield code="D">s</subfield><subfield code="a">Deutsche </subfield></datafield><datafield tag="689" ind1="8" ind2="6"><subfield code="A">s</subfield><subfield code="a">Chinesen </subfield></datafield><datafield tag="689" ind1="8" ind2="7"><subfield code="0">(DE-588)4308416-3</subfield><subfield code="D">s</subfield><subfield code="a">Internet </subfield></datafield><datafield tag="689" ind1="8" ind2="8"><subfield code="A">s</subfield><subfield code="a">Kulturzugang </subfield></datafield><datafield tag="689" ind1="8" ind2="9"><subfield code="0">(DE-588)4074659-8</subfield><subfield code="D">s</subfield><subfield code="a">Medienpädagogik </subfield></datafield><datafield tag="689" ind1="9" ind2="0"><subfield code="A">s</subfield><subfield code="a">Vorbereitung von Projekten </subfield></datafield><datafield tag="689" ind1="9" ind2="1"><subfield code="A">s</subfield><subfield code="a">Durchführung von Projekten </subfield></datafield><datafield tag="689" ind1="9" ind2="2"><subfield code="A">s</subfield><subfield code="a">Fremdbild </subfield></datafield><datafield tag="689" ind1="9" ind2="3"><subfield code="A">s</subfield><subfield code="a">Auslandsbild </subfield></datafield><datafield tag="689" ind1="9" ind2="4"><subfield code="A">s</subfield><subfield code="a">Deutschlandbild </subfield></datafield><datafield tag="689" ind1="9" ind2="5"><subfield code="A">s</subfield><subfield code="a">Wissenschaftliche Methoden</subfield><subfield code="5">DE-101</subfield></datafield><datafield tag="852" ind1=" " ind2=" "><subfield code="a">Frei129</subfield><subfield code="c">Paed U 940: 136 a</subfield></datafield><datafield tag="856" ind1="4" ind2=" "><subfield code="8">00</subfield><subfield code="u">http://d-nb.info/1004286953/04</subfield><subfield code="y">Inhaltsverzeichnis</subfield></datafield><datafield tag="980" ind1="0" ind2=" "><subfield code="a">00218577</subfield><subfield code="9">(PHFR)</subfield><subfield code="b">EG-Anbau (32)</subfield><subfield code="c">Paed U 940: 136</subfield><subfield code="d">Standardleihe (01)</subfield><subfield code="e">Verfügbar (X)</subfield></datafield><datafield tag="980" ind1="0" ind2=" "><subfield code="a">00218578</subfield><subfield code="9">(PHFR)</subfield><subfield code="b">EG-Anbau (32)</subfield><subfield code="c">Paed U 940: 136 a</subfield><subfield code="d">Standardleihe (01)</subfield><subfield code="e">Verfügbar (X)</subfield></datafield></record>