
<record><leader>05654nam a2200000uu 4500</leader><controlfield tag="001">02337119</controlfield><controlfield tag="003">DE-Frei129</controlfield><controlfield tag="005">20220811084035.0</controlfield><controlfield tag="007">tu</controlfield><controlfield tag="008">090729s2010    ||||||||||||||||||||ger||</controlfield><datafield tag="015" ind1=" " ind2=" "><subfield code="a">09,N32,0505</subfield></datafield><datafield tag="016" ind1="7" ind2=" "><subfield code="a">995471932</subfield><subfield code="2">DE-101</subfield></datafield><datafield tag="020" ind1=" " ind2=" "><subfield code="a">9783861453123</subfield><subfield code="9">9783861453123</subfield><subfield code="c">ENGLBR. : EUR 19.95, sfr 32.30 (freier Pr.)</subfield></datafield><datafield tag="024" ind1="3" ind2=" "><subfield code="a">9783861453123</subfield></datafield><datafield tag="035" ind1=" " ind2=" "><subfield code="a">(DE-576)605666180</subfield></datafield><datafield tag="041" ind1=" " ind2=" "><subfield code="a">ger</subfield></datafield><datafield tag="044" ind1=" " ind2=" "><subfield code="c">XA-DE-NW</subfield></datafield><datafield tag="100" ind1="1" ind2=" "><subfield code="a">Schönrade, Silke</subfield><subfield code="0">(DE-Frei129)00811243</subfield><subfield code="0">(DE-588)122270606</subfield></datafield><datafield tag="245" ind1="1" ind2="4"><subfield code="a">Die Sprach-Abenteuer der kleinen Hexe</subfield><subfield code="b">Sprache beobachten, verstehen, beurteilen, fördern</subfield><subfield code="c">Silke Schönrade; Günter Pütz; Marc Wedel</subfield></datafield><datafield tag="260" ind1="3" ind2=" "><subfield code="a">Dortmund</subfield><subfield code="b">borgmann publishing</subfield><subfield code="c">2010</subfield></datafield><datafield tag="300" ind1=" " ind2=" "><subfield code="a">199 Seiten</subfield><subfield code="b">Ill.</subfield></datafield><datafield tag="500" ind1=" " ind2=" "><subfield code="a">IMD-Felder maschinell generiert (GBV)</subfield></datafield><datafield tag="500" ind1=" " ind2=" "><subfield code="a">Archivierung prüfen</subfield></datafield><datafield tag="650" ind1=" " ind2="7"><subfield code="a">Vorschulerziehung</subfield><subfield code="0">(DE-Frei129)00025677</subfield><subfield code="0">(DE-588)4064016-4</subfield><subfield code="2">gnd</subfield></datafield><datafield tag="650" ind1=" " ind2="7"><subfield code="a">Spracherziehung</subfield><subfield code="0">(DE-Frei129)00022830</subfield><subfield code="0">(DE-588)4056459-9</subfield><subfield code="2">gnd</subfield></datafield><datafield tag="650" ind1=" " ind2="7"><subfield code="a">Bewegungserziehung</subfield><subfield code="0">(DE-Frei129)00020639</subfield><subfield code="0">(DE-588)4069418-5</subfield><subfield code="2">gnd</subfield></datafield><datafield tag="650" ind1=" " ind2="7"><subfield code="a">Psychomotorik</subfield><subfield code="0">(DE-Frei129)00019820</subfield><subfield code="0">(DE-588)4047719-8</subfield><subfield code="2">gnd</subfield></datafield><datafield tag="650" ind1=" " ind2="7"><subfield code="a">Wahrnehmung</subfield><subfield code="0">(DE-Frei129)00002431</subfield><subfield code="0">(DE-588)4064317-7</subfield><subfield code="2">gnd</subfield></datafield><datafield tag="650" ind1=" " ind2="7"><subfield code="a">Beobachtungsverfahren</subfield><subfield code="0">(DE-Frei129)00053910</subfield><subfield code="0">(DE-588)4144590-9</subfield><subfield code="2">gnd</subfield></datafield><datafield tag="689" ind1="0" ind2="0"><subfield code="0">(DE-588)4064016-4</subfield><subfield code="D">s</subfield><subfield code="a">Vorschulerziehung </subfield></datafield><datafield tag="689" ind1="0" ind2="1"><subfield code="0">(DE-588)4056459-9</subfield><subfield code="D">s</subfield><subfield code="a">Spracherziehung </subfield></datafield><datafield tag="689" ind1="0" ind2="2"><subfield code="0">(DE-588)4069418-5</subfield><subfield code="D">s</subfield><subfield code="a">Bewegungserziehung </subfield></datafield><datafield tag="689" ind1="0" ind2="3"><subfield code="0">(DE-588)4047719-8</subfield><subfield code="D">s</subfield><subfield code="a">Psychomotorik </subfield></datafield><datafield tag="689" ind1="0" ind2="4"><subfield code="0">(DE-588)4064317-7</subfield><subfield code="D">s</subfield><subfield code="a">Wahrnehmung </subfield></datafield><datafield tag="689" ind1="0" ind2="5"><subfield code="0">(DE-588)4144590-9</subfield><subfield code="D">s</subfield><subfield code="a">Beobachtungsverfahren</subfield><subfield code="5">DE-101</subfield></datafield><datafield tag="700" ind1="1" ind2=" "><subfield code="0">(DE-588)122903439</subfield><subfield code="0">(DE-Frei129)00811259</subfield><subfield code="a">Pütz, Günter</subfield><subfield code="4">aut</subfield></datafield><datafield tag="700" ind1="1" ind2=" "><subfield code="0">(DE-588)142684104</subfield><subfield code="0">(DE-Frei129)00812357</subfield><subfield code="a">Wedel, Marc</subfield><subfield code="4">aut</subfield></datafield><datafield tag="852" ind1=" " ind2=" "><subfield code="a">Frei 129</subfield><subfield code="b">PHFR</subfield><subfield code="c">ES 783 S366</subfield></datafield><datafield tag="856" ind1="4" ind2=" "><subfield code="8">00</subfield><subfield code="u">http://d-nb.info/995471932/04</subfield><subfield code="y">Inhaltsverzeichnis</subfield></datafield><datafield tag="980" ind1="0" ind2=" "><subfield code="a">00220884</subfield><subfield code="9">(PHFR)</subfield><subfield code="b">2.OG (35)</subfield><subfield code="c">ES 783 S366</subfield><subfield code="d">Standardleihe (01)</subfield><subfield code="e">Verfügbar (X)</subfield></datafield></record>