
<record><leader>08183nam a2200000uu 4500</leader><controlfield tag="001">02337063</controlfield><controlfield tag="003">DE-Frei129</controlfield><controlfield tag="005">20220811084035.0</controlfield><controlfield tag="007">tu</controlfield><controlfield tag="008">110408s2010    ||||||||||||||||||||eng||</controlfield><datafield tag="020" ind1=" " ind2=" "><subfield code="a">9781433105470</subfield><subfield code="9">978-1-433-10547-0</subfield><subfield code="c">pbk. : alk. paper</subfield></datafield><datafield tag="020" ind1=" " ind2=" "><subfield code="a">9781433105487</subfield><subfield code="9">978-1-433-10548-7</subfield><subfield code="c">hardback : alk. paper</subfield></datafield><datafield tag="035" ind1=" " ind2=" "><subfield code="a">(DE-576)1609168224</subfield></datafield><datafield tag="041" ind1=" " ind2=" "><subfield code="a">eng</subfield></datafield><datafield tag="044" ind1=" " ind2=" "><subfield code="c">XD-US</subfield></datafield><datafield tag="100" ind1="1" ind2=" "><subfield code="a">Carris, Joanne M.</subfield><subfield code="0">(DE-Frei129)00808920</subfield></datafield><datafield tag="245" ind1="1" ind2="0"><subfield code="a">Ghosts of no child left behind</subfield><subfield code="c">Joanne M. Carris</subfield></datafield><datafield tag="260" ind1="3" ind2=" "><subfield code="a">New York</subfield><subfield code="b">Lang</subfield><subfield code="c">c2010</subfield></datafield><datafield tag="300" ind1=" " ind2=" "><subfield code="a">XII, 221  Seiten</subfield></datafield><datafield tag="490" ind1="1" ind2=" "><subfield code="a">Counterpoints </subfield><subfield code="v">361</subfield></datafield><datafield tag="500" ind1=" " ind2=" "><subfield code="a">Includes bibliographical references and index</subfield></datafield><datafield tag="650" ind1=" " ind2="7"><subfield code="a">Schulbildung</subfield><subfield code="0">(DE-Frei129)00058825</subfield><subfield code="0">(DE-588)4180099-0</subfield><subfield code="2">gnd</subfield></datafield><datafield tag="650" ind1=" " ind2="7"><subfield code="a">Alphabetisierung</subfield><subfield code="0">(DE-Frei129)00027156</subfield><subfield code="0">(DE-588)4068576-7</subfield><subfield code="2">gnd</subfield></datafield><datafield tag="650" ind1=" " ind2="7"><subfield code="a">Jugend</subfield><subfield code="0">(DE-Frei129)00001631</subfield><subfield code="0">(DE-588)4028859-6</subfield><subfield code="2">gnd</subfield></datafield><datafield tag="650" ind1=" " ind2="7"><subfield code="a">Chancengleichheit</subfield><subfield code="0">(DE-Frei129)00004888</subfield><subfield code="0">(DE-588)4009736-5</subfield><subfield code="2">gnd</subfield></datafield><datafield tag="650" ind1=" " ind2="7"><subfield code="a">Soziale Herkunft</subfield><subfield code="0">(DE-Frei129)00039298</subfield><subfield code="0">(DE-588)4121684-2</subfield><subfield code="2">gnd</subfield></datafield><datafield tag="650" ind1=" " ind2="7"><subfield code="a">United States</subfield><subfield code="0">(DE-Frei129)00237129</subfield><subfield code="2">local</subfield></datafield><datafield tag="650" ind1=" " ind2="7"><subfield code="a">Literacy</subfield><subfield code="x">Case studies</subfield><subfield code="x">Social aspects</subfield><subfield code="x">New York (State)</subfield><subfield code="x">New York</subfield><subfield code="0">(DE-Frei129)01911331</subfield><subfield code="2">local</subfield></datafield><datafield tag="650" ind1=" " ind2="7"><subfield code="a">Language arts (Secondary)</subfield><subfield code="x">Case studies</subfield><subfield code="x">New York (State)</subfield><subfield code="x">New York</subfield><subfield code="0">(DE-Frei129)01911332</subfield><subfield code="2">local</subfield></datafield><datafield tag="650" ind1=" " ind2="7"><subfield code="a">Reading</subfield><subfield code="x">Case studies</subfield><subfield code="x">Remedial teaching</subfield><subfield code="x">New York (State)</subfield><subfield code="x">New York</subfield><subfield code="0">(DE-Frei129)01911333</subfield><subfield code="2">local</subfield></datafield><datafield tag="650" ind1=" " ind2="7"><subfield code="a">Youth with social disabilities</subfield><subfield code="x">Case studies</subfield><subfield code="x">Education</subfield><subfield code="x">New York (State)</subfield><subfield code="x">New York</subfield><subfield code="0">(DE-Frei129)01911334</subfield><subfield code="2">local</subfield></datafield><datafield tag="650" ind1=" " ind2="7"><subfield code="a">Educational accountability</subfield><subfield code="x">United States</subfield><subfield code="0">(DE-Frei129)01824191</subfield><subfield code="2">local</subfield></datafield><datafield tag="651" ind1=" " ind2="7"><subfield code="a">USA</subfield><subfield code="0">(DE-Frei129)00031006</subfield><subfield code="0">(DE-588)4078704-7</subfield><subfield code="2">gnd</subfield></datafield><datafield tag="689" ind1="0" ind2="0"><subfield code="0">(DE-588)4078704-7</subfield><subfield code="D">g</subfield><subfield code="a">USA </subfield></datafield><datafield tag="689" ind1="0" ind2="1"><subfield code="0">(DE-588)4180099-0</subfield><subfield code="D">s</subfield><subfield code="a">Schulbildung </subfield></datafield><datafield tag="689" ind1="0" ind2="2"><subfield code="0">(DE-588)4068576-7</subfield><subfield code="D">s</subfield><subfield code="a">Alphabetisierung </subfield></datafield><datafield tag="689" ind1="0" ind2="3"><subfield code="0">(DE-588)4028859-6</subfield><subfield code="D">s</subfield><subfield code="a">Jugend </subfield></datafield><datafield tag="689" ind1="0" ind2="4"><subfield code="0">(DE-588)4009736-5</subfield><subfield code="D">s</subfield><subfield code="a">Chancengleichheit </subfield></datafield><datafield tag="689" ind1="0" ind2="5"><subfield code="0">(DE-588)4121684-2</subfield><subfield code="D">s</subfield><subfield code="a">Soziale Herkunft</subfield><subfield code="5">DE-101</subfield></datafield><datafield tag="689" ind1="1" ind2="0"><subfield code="A">s</subfield><subfield code="a">United States</subfield><subfield code="5">DE-101</subfield></datafield><datafield tag="689" ind1="2" ind2="0"><subfield code="A">s</subfield><subfield code="a">Literacy / Case studies / Social aspects / New York (State) / New York</subfield><subfield code="5">DE-101</subfield></datafield><datafield tag="689" ind1="3" ind2="0"><subfield code="A">s</subfield><subfield code="a">Language arts (Secondary) / Case studies / New York (State) / New York</subfield><subfield code="5">DE-101</subfield></datafield><datafield tag="689" ind1="4" ind2="0"><subfield code="A">s</subfield><subfield code="a">Reading / Case studies / Remedial teaching / New York (State) / New York</subfield><subfield code="5">DE-101</subfield></datafield><datafield tag="689" ind1="5" ind2="0"><subfield code="A">s</subfield><subfield code="a">Youth with social disabilities / Case studies / Education / New York (State) / New York</subfield><subfield code="5">DE-101</subfield></datafield><datafield tag="689" ind1="6" ind2="0"><subfield code="A">s</subfield><subfield code="a">Educational accountability / United States</subfield><subfield code="5">DE-101</subfield></datafield><datafield tag="830" ind1=" " ind2="0"><subfield code="a">Counterpoints</subfield><subfield code="v">361</subfield><subfield code="w">(DE-Frei129)00143192</subfield><subfield code="9">3361</subfield></datafield><datafield tag="852" ind1=" " ind2=" "><subfield code="a">Frei129</subfield><subfield code="c">Paed A 550: 42</subfield></datafield><datafield tag="856" ind1="4" ind2=" "><subfield code="8">00</subfield><subfield code="u">http://bvbr.bib-bvb.de:8991/F?func=service&amp;doc_library=BVB01&amp;doc_number=018808311&amp;line_number=0001&amp;func_code=DB_RECORDS&amp;service_type=MEDIA</subfield><subfield code="y">Inhaltsverzeichnis</subfield></datafield><datafield tag="980" ind1="0" ind2=" "><subfield code="a">00218832</subfield><subfield code="9">(PHFR)</subfield><subfield code="b">EG-Anbau (32)</subfield><subfield code="c">Paed A 550: 42</subfield><subfield code="d">Standardleihe (01)</subfield><subfield code="e">Verfügbar (X)</subfield></datafield></record>