
<record><leader>06047nam a2200000uu 4500</leader><controlfield tag="001">02337036</controlfield><controlfield tag="003">DE-Frei129</controlfield><controlfield tag="005">20220811084036.0</controlfield><controlfield tag="007">tu</controlfield><controlfield tag="008">100505s2010    ||||||||||||||||||||ger||</controlfield><datafield tag="015" ind1=" " ind2=" "><subfield code="a">10,A28</subfield></datafield><datafield tag="016" ind1="7" ind2=" "><subfield code="a">1002019389</subfield><subfield code="2">DE-101</subfield></datafield><datafield tag="020" ind1=" " ind2=" "><subfield code="a">9783868320299</subfield><subfield code="9">9783868320299</subfield><subfield code="c">kart. in Blockbuchform : ca. EUR 32.00, ca. sfr 55.00 (freier Pr.)</subfield></datafield><datafield tag="024" ind1="3" ind2=" "><subfield code="a">9783868320299</subfield></datafield><datafield tag="035" ind1=" " ind2=" "><subfield code="a">(DE-576)625381866</subfield></datafield><datafield tag="041" ind1=" " ind2=" "><subfield code="a">ger</subfield><subfield code="a">eng</subfield></datafield><datafield tag="044" ind1=" " ind2=" "><subfield code="c">XA-DE-NW</subfield></datafield><datafield tag="245" ind1="1" ind2="0"><subfield code="a">Young-Jae Lee, Formen aus der Erde, Forms from the earth</subfield><subfield code="b">[anlässlich der Ausstellung Young-Jae Lee - Formen aus der Erde in der Altana-Kulturstiftung im Sinclair-Haus, Bad Homburg, vom 18. Juni bis 15. August 2010]</subfield><subfield code="c">[Hrsg. Andrea Firmenich. Übers. Maureen Roycroft Sommer]</subfield></datafield><datafield tag="246" ind1="1" ind2="0"><subfield code="a">Young-Jae Lee, Forms from the earth</subfield></datafield><datafield tag="246" ind1="1" ind2="9"><subfield code="a">Young-Jae Lee, Formen aus der Erde</subfield></datafield><datafield tag="260" ind1="3" ind2=" "><subfield code="a">Köln</subfield><subfield code="b">Wienand</subfield><subfield code="c">2010</subfield></datafield><datafield tag="300" ind1=" " ind2=" "><subfield code="a">119 Seiten</subfield><subfield code="b">zahlr. Ill</subfield><subfield code="c">29 cm</subfield></datafield><datafield tag="500" ind1=" " ind2=" "><subfield code="a">Ausstellungskatalog, Höhe, 2010</subfield></datafield><datafield tag="500" ind1=" " ind2=" "><subfield code="a">Homburg</subfield></datafield><datafield tag="500" ind1=" " ind2=" "><subfield code="a">Ausstellungskatalog, 2010</subfield></datafield><datafield tag="500" ind1=" " ind2=" "><subfield code="a">Homburg, Höhe</subfield></datafield><datafield tag="500" ind1=" " ind2=" "><subfield code="a">Text dt. und engl.</subfield></datafield><datafield tag="500" ind1=" " ind2=" "><subfield code="a">IMD-Felder maschinell generiert (GBV)</subfield></datafield><datafield tag="600" ind1="1" ind2="7"><subfield code="0">(DE-Frei129)00733255</subfield><subfield code="0">(DE-588)119314045</subfield><subfield code="a">Lee, Young-Jae</subfield><subfield code="2">gnd</subfield></datafield><datafield tag="600" ind1="1" ind2="7"><subfield code="0">(DE-Frei129)58599106</subfield><subfield code="a">Lee, Young-Jae, 1951-</subfield><subfield code="2">local</subfield></datafield><datafield tag="650" ind1=" " ind2="7"><subfield code="a">Keramikgefäß</subfield><subfield code="0">(DE-Frei129)00049693</subfield><subfield code="0">(DE-588)4136239-1</subfield><subfield code="2">gnd</subfield></datafield><datafield tag="689" ind1="0" ind2="0"><subfield code="0">(DE-588)119314045</subfield><subfield code="D">p</subfield><subfield code="a">Lee, Young-Jae </subfield></datafield><datafield tag="689" ind1="0" ind2="1"><subfield code="0">(DE-588)4136239-1</subfield><subfield code="D">s</subfield><subfield code="a">Keramikgefäß</subfield><subfield code="5">DE-101</subfield></datafield><datafield tag="689" ind1="1" ind2="0"><subfield code="A">n</subfield><subfield code="a">Lee, Young-Jae, 1951-</subfield><subfield code="5">DE-101</subfield></datafield><datafield tag="689" ind1="2" ind2="0"><subfield code="0">(DE-588)119314045</subfield><subfield code="D">p</subfield><subfield code="a">Lee, Young-Jae</subfield><subfield code="5">DE-101</subfield></datafield><datafield tag="700" ind1="1" ind2=" "><subfield code="0">(DE-588)143249363</subfield><subfield code="0">(DE-Frei129)00079844</subfield><subfield code="a">Firmenich, Andrea</subfield><subfield code="4">Hrsg.</subfield></datafield><datafield tag="700" ind1="1" ind2=" "><subfield code="0">(DE-588)119314045</subfield><subfield code="0">(DE-Frei129)00733255</subfield><subfield code="a">Lee, Young-Jae</subfield><subfield code="4">oth</subfield></datafield><datafield tag="710" ind1="2" ind2=" "><subfield code="0">(DE-Frei129)00054381</subfield><subfield code="0">(DE-588)10169060-5</subfield><subfield code="a">Altana Kulturstiftung</subfield><subfield code="4">oth</subfield></datafield><datafield tag="711" ind1="2" ind2=" "><subfield code="0">(DE-Frei129)00248098</subfield><subfield code="0">(DE-588)16072616-5</subfield><subfield code="a">Ausstellung Young-Jae Lee - Formen aus der Erde (2010 : Bad Homburg v. d. Höhe)</subfield><subfield code="c">Bad Homburg v. d. Höhe</subfield><subfield code="4">oth</subfield></datafield><datafield tag="852" ind1=" " ind2=" "><subfield code="a">Frei 129</subfield><subfield code="b">PHFR</subfield><subfield code="c">LI 99999 L482</subfield></datafield><datafield tag="856" ind1="4" ind2=" "><subfield code="8">00</subfield><subfield code="u">http://d-nb.info/1002019389/04</subfield><subfield code="y">Kurzbeschreibung des Verlags</subfield></datafield><datafield tag="856" ind1="4" ind2=" "><subfield code="8">01</subfield><subfield code="u">http://d-nb.info/1002019389/04</subfield><subfield code="y">Verlagsinformation</subfield></datafield><datafield tag="980" ind1="0" ind2=" "><subfield code="a">00219129</subfield><subfield code="9">(PHFR)</subfield><subfield code="b">2.OG (35)</subfield><subfield code="c">LI 99999 L482</subfield><subfield code="d">Standardleihe (01)</subfield><subfield code="e">Verfügbar (X)</subfield></datafield></record>