
<record><leader>04364nam a2200000uu 4500</leader><controlfield tag="001">02336782</controlfield><controlfield tag="003">DE-Frei129</controlfield><controlfield tag="005">20220811084036.0</controlfield><controlfield tag="007">tu</controlfield><controlfield tag="008">101020s2010    ||||||||||||||||||||ger||</controlfield><datafield tag="016" ind1="7" ind2=" "><subfield code="a">1007553715</subfield><subfield code="2">DE-101</subfield></datafield><datafield tag="020" ind1=" " ind2=" "><subfield code="a">9783406614842</subfield><subfield code="9">9783406614842</subfield><subfield code="c">kart. : EUR 18.95 (DE), ca. sfr 28.90 (freier Pr.)</subfield></datafield><datafield tag="024" ind1="3" ind2=" "><subfield code="a">9783406614842</subfield></datafield><datafield tag="035" ind1=" " ind2=" "><subfield code="a">(DE-576)637251121</subfield></datafield><datafield tag="041" ind1=" " ind2=" "><subfield code="a">ger</subfield></datafield><datafield tag="044" ind1=" " ind2=" "><subfield code="c">XA-DE-BY</subfield></datafield><datafield tag="245" ind1="1" ind2="0"><subfield code="a">Feuer, Wasser, Erde, Luft</subfield><subfield code="b">eine Kulturgeschichte der Elemente</subfield><subfield code="c">Gernot Böhme; Hartmut Böhme</subfield></datafield><datafield tag="250" ind1=" " ind2=" "><subfield code="a">2. Aufl. (in der BsR), unveränd. Nachdr.</subfield></datafield><datafield tag="260" ind1="3" ind2=" "><subfield code="a">München</subfield><subfield code="b">Beck, C.H.</subfield><subfield code="c">2010</subfield></datafield><datafield tag="300" ind1=" " ind2=" "><subfield code="a">344 Seiten</subfield><subfield code="b">Ill., graph. Darst.</subfield><subfield code="c">19 cm</subfield></datafield><datafield tag="490" ind1="0" ind2=" "><subfield code="a">Beck&apos;sche Reihe </subfield><subfield code="v">1565</subfield></datafield><datafield tag="500" ind1=" " ind2=" "><subfield code="a">Literaturverz. S. [313] - 329</subfield></datafield><datafield tag="500" ind1=" " ind2=" "><subfield code="a">Mit Reg.</subfield></datafield><datafield tag="500" ind1=" " ind2=" "><subfield code="a">IMD-Felder maschinell generiert (GBV)</subfield></datafield><datafield tag="648" ind1=" " ind2="7"><subfield code="a">Geschichte</subfield><subfield code="0">(DE-Frei129)00000468</subfield><subfield code="2">local</subfield></datafield><datafield tag="650" ind1=" " ind2="7"><subfield code="a">Element</subfield><subfield code="0">(DE-Frei129)00043501</subfield><subfield code="0">(DE-588)4127719-3</subfield><subfield code="2">gnd</subfield></datafield><datafield tag="650" ind1=" " ind2="7"><subfield code="a">Kultur</subfield><subfield code="0">(DE-Frei129)00126006</subfield><subfield code="0">(DE-588)4125698-0</subfield><subfield code="2">gnd</subfield></datafield><datafield tag="689" ind1="0" ind2="0"><subfield code="0">(DE-588)4127719-3</subfield><subfield code="D">s</subfield><subfield code="a">Element </subfield></datafield><datafield tag="689" ind1="0" ind2="1"><subfield code="0">(DE-588)4125698-0</subfield><subfield code="D">s</subfield><subfield code="a">Kultur </subfield></datafield><datafield tag="689" ind1="0" ind2="2"><subfield code="A">s</subfield><subfield code="a">Geschichte</subfield><subfield code="5">DE-101</subfield></datafield><datafield tag="700" ind1="1" ind2=" "><subfield code="0">(DE-588)119556898</subfield><subfield code="0">(DE-Frei129)00005963</subfield><subfield code="a">Böhme, Gernot</subfield><subfield code="4">aut</subfield></datafield><datafield tag="700" ind1="1" ind2=" "><subfield code="0">(DE-588)120967510</subfield><subfield code="0">(DE-Frei129)00005967</subfield><subfield code="a">Böhme, Hartmut</subfield><subfield code="4">aut</subfield></datafield><datafield tag="852" ind1=" " ind2=" "><subfield code="a">Frei129</subfield><subfield code="c">Nat A 100: 106</subfield></datafield><datafield tag="856" ind1="4" ind2=" "><subfield code="8">00</subfield><subfield code="u">http://d-nb.info/1007553715/04</subfield><subfield code="y">Kurzbeschreibung des Verlags</subfield></datafield><datafield tag="980" ind1="0" ind2=" "><subfield code="a">00218797</subfield><subfield code="9">(PHFR)</subfield><subfield code="b">UG (33)</subfield><subfield code="c">Nat A 100: 106</subfield><subfield code="d">Standardleihe (01)</subfield><subfield code="e">Verfügbar (X)</subfield></datafield></record>