
<record><leader>05299nam a2200000uu 4500</leader><controlfield tag="001">02336774</controlfield><controlfield tag="003">DE-Frei129</controlfield><controlfield tag="005">20220811084036.0</controlfield><controlfield tag="007">tu</controlfield><controlfield tag="008">100602s2010    ||||||||||||||||||||ger||</controlfield><datafield tag="015" ind1=" " ind2=" "><subfield code="a">11,A01</subfield></datafield><datafield tag="016" ind1="7" ind2=" "><subfield code="a">1002958547</subfield><subfield code="2">DE-101</subfield></datafield><datafield tag="020" ind1=" " ind2=" "><subfield code="a">9783896025753</subfield><subfield code="9">9783896025753</subfield><subfield code="c">kart. : EUR 9.95, EUR 10.30 (AT), ca. sfr 17.50 (freier Pr.)</subfield></datafield><datafield tag="024" ind1="3" ind2=" "><subfield code="a">9783896025753</subfield></datafield><datafield tag="035" ind1=" " ind2=" "><subfield code="a">(DE-576)627265278</subfield></datafield><datafield tag="041" ind1=" " ind2=" "><subfield code="a">ger</subfield></datafield><datafield tag="044" ind1=" " ind2=" "><subfield code="c">XA-DE-BE</subfield></datafield><datafield tag="100" ind1="1" ind2=" "><subfield code="a">Kühn, Annika</subfield><subfield code="0">(DE-Frei129)00812381</subfield><subfield code="0">(DE-588)141343052</subfield></datafield><datafield tag="245" ind1="1" ind2="0"><subfield code="a">Wie schreibe ich eine Kurzgeschichte?</subfield><subfield code="b">mit allen Zutaten für schaurige Vampirlegenden, herzzerreißende Liebesgeschichten, rasante Freundinnenabenteuer, überraschende Komödien und kreative Fantasystorys</subfield><subfield code="c">Annika Kühn. Mit Ill. von Jana Moskito</subfield></datafield><datafield tag="260" ind1="3" ind2=" "><subfield code="a">Berlin</subfield><subfield code="b">Schwarzkopf &amp; Schwarzkopf</subfield><subfield code="c">2010</subfield></datafield><datafield tag="300" ind1=" " ind2=" "><subfield code="a">187 Seiten</subfield><subfield code="b">Ill.</subfield><subfield code="c">19 cm</subfield></datafield><datafield tag="500" ind1=" " ind2=" "><subfield code="a">Literaturangaben</subfield></datafield><datafield tag="500" ind1=" " ind2=" "><subfield code="a">IMD-Felder maschinell generiert (GBV)</subfield></datafield><datafield tag="500" ind1=" " ind2=" "><subfield code="a">Archivierung prüfen</subfield></datafield><datafield tag="520" ind1=" " ind2=" "><subfield code="a">Der Ratgeber richtet sich an Jugendliche, die gern Geschichten schreiben, aber noch ein paar Tipps benötigen. Die Autorin, Journalistin, schreibt aus eigener Praxis. Die einzelnen Kapitel motivieren mit Titeln wie z.B. &quot;Die Musen warten nur darauf, dich endlich zu küssen. Wie du auf Ideen kommst und woran du eine wirklich gute erkennst&quot; oder &quot;Gangster, Gnome und die grosse Liebe. Was du über Genres wissen solltest&quot;. In lockerem Stil gibt die Autorin viele nützliche Tipps, z.B. &quot;Genau hinsehen - denn Ideen tummeln sich überall&quot;. Beispiele lassen den Sachverhalt sofort klar erscheinen, ein &quot;Rezept für eine herzzerreissende Liebesgeschichte&quot; wird geliefert, die Frage, an welchem Ort die Geschichte spielen soll, aufgeworfen (genaue Recherche von Strasse, Ort, Zeit usw.). Auch der Schreibstil wird thematisiert: &quot;Im Kampf mit den Satzmonstern und inneren Schweinehunden&quot;. Eingestreut sind kleine Übungen. Alles in allem ein inhaltlich und gestalterisch gelungener Ratgeber, der wirklich Lust aufs Schreiben macht. Für die genannte Zielgruppe vor &quot;Creative writing - Romane und Kurzgeschichten schreiben</subfield></datafield><datafield tag="650" ind1=" " ind2="7"><subfield code="a">Kreatives Schreiben</subfield><subfield code="0">(DE-Frei129)00061461</subfield><subfield code="0">(DE-588)4165550-3</subfield><subfield code="2">gnd</subfield></datafield><datafield tag="650" ind1=" " ind2="7"><subfield code="a">Kurzgeschichte</subfield><subfield code="0">(DE-Frei129)00014667</subfield><subfield code="0">(DE-588)4033842-3</subfield><subfield code="2">gnd</subfield></datafield><datafield tag="689" ind1="0" ind2="0"><subfield code="0">(DE-588)4165550-3</subfield><subfield code="D">s</subfield><subfield code="a">Kreatives Schreiben </subfield></datafield><datafield tag="689" ind1="0" ind2="1"><subfield code="0">(DE-588)4033842-3</subfield><subfield code="D">s</subfield><subfield code="a">Kurzgeschichte</subfield><subfield code="5">DE-101</subfield></datafield><datafield tag="700" ind1="1" ind2=" "><subfield code="0">(DE-Frei129)42001581</subfield><subfield code="a">Moskito, Jana</subfield><subfield code="4">oth</subfield></datafield><datafield tag="852" ind1=" " ind2=" "><subfield code="a">Frei 129</subfield><subfield code="b">PHFR</subfield><subfield code="c">GB 2964 K95</subfield></datafield><datafield tag="856" ind1="4" ind2=" "><subfield code="8">00</subfield><subfield code="u">http://d-nb.info/1002958547/04</subfield><subfield code="y">Kurzbeschreibung des Verlags</subfield></datafield><datafield tag="980" ind1="0" ind2=" "><subfield code="a">00217131</subfield><subfield code="9">(PHFR)</subfield><subfield code="b">2.OG (35)</subfield><subfield code="c">GB 2964 K95</subfield><subfield code="d">Standardleihe (01)</subfield><subfield code="e">Verfügbar (X)</subfield></datafield></record>