
<record><leader>04587nam a2200000uu 4500</leader><controlfield tag="001">02336763</controlfield><controlfield tag="003">DE-Frei129</controlfield><controlfield tag="005">20220811084037.0</controlfield><controlfield tag="007">tu</controlfield><controlfield tag="008">100908s2010    ||||||||||||||||||||ger||</controlfield><datafield tag="015" ind1=" " ind2=" "><subfield code="a">11,A01</subfield></datafield><datafield tag="016" ind1="7" ind2=" "><subfield code="a">1006361324</subfield><subfield code="2">DE-101</subfield></datafield><datafield tag="020" ind1=" " ind2=" "><subfield code="a">9783830053460</subfield><subfield code="9">9783830053460</subfield><subfield code="c">kart. : EUR 48.00 (DE)</subfield></datafield><datafield tag="024" ind1="3" ind2=" "><subfield code="a">9783830053460</subfield></datafield><datafield tag="035" ind1=" " ind2=" "><subfield code="a">(DE-576)634753916</subfield></datafield><datafield tag="041" ind1=" " ind2=" "><subfield code="a">ger</subfield></datafield><datafield tag="044" ind1=" " ind2=" "><subfield code="c">XA-DE-HH</subfield></datafield><datafield tag="245" ind1="1" ind2="0"><subfield code="a">Athener Diskurs und Assoziationen zur Individualpädagogik</subfield><subfield code="c">Hansjosef Buchkremer und Michaela Emmerich (Hrsg.)</subfield></datafield><datafield tag="260" ind1="3" ind2=" "><subfield code="a">Hamburg</subfield><subfield code="b">Kovač</subfield><subfield code="c">2010</subfield></datafield><datafield tag="300" ind1=" " ind2=" "><subfield code="a">188 Seiten</subfield><subfield code="c">210 mm x 148 mm, 247 gr.</subfield></datafield><datafield tag="490" ind1="1" ind2=" "><subfield code="a">Schriften zur Individualpädagogik </subfield><subfield code="v">Bd. 2</subfield></datafield><datafield tag="500" ind1=" " ind2=" "><subfield code="a">Konferenzschrift, 2010</subfield></datafield><datafield tag="500" ind1=" " ind2=" "><subfield code="a">Athen</subfield></datafield><datafield tag="500" ind1=" " ind2=" "><subfield code="a">Literaturangaben</subfield></datafield><datafield tag="500" ind1=" " ind2=" "><subfield code="a">IMD-Felder maschinell generiert (GBV)</subfield></datafield><datafield tag="650" ind1=" " ind2="7"><subfield code="a">Individualpädagogik</subfield><subfield code="0">(DE-Frei129)00059783</subfield><subfield code="0">(DE-588)4161545-1</subfield><subfield code="2">gnd</subfield></datafield><datafield tag="689" ind1="0" ind2="0"><subfield code="0">(DE-588)4161545-1</subfield><subfield code="D">s</subfield><subfield code="a">Individualpädagogik</subfield><subfield code="5">DE-101</subfield></datafield><datafield tag="700" ind1="1" ind2=" "><subfield code="0">(DE-588)189466154</subfield><subfield code="0">(DE-Frei129)58353467</subfield><subfield code="a">Buchkremer, Hansjosef</subfield><subfield code="4">Hrsg.</subfield></datafield><datafield tag="700" ind1="1" ind2=" "><subfield code="0">(DE-588)124922902</subfield><subfield code="0">(DE-Frei129)58132433</subfield><subfield code="a">Emmerich, Michaela</subfield><subfield code="4">Hrsg.</subfield></datafield><datafield tag="830" ind1=" " ind2="0"><subfield code="a">Schriften zur Individualpädagogik</subfield><subfield code="v">Bd. 2</subfield><subfield code="w">(DE-Frei129)01275476</subfield><subfield code="9">12</subfield></datafield><datafield tag="852" ind1=" " ind2=" "><subfield code="a">Frei129</subfield><subfield code="c">Paed H 970: 42</subfield></datafield><datafield tag="856" ind1="4" ind2=" "><subfield code="8">00</subfield><subfield code="u">http://swbplus.bsz-bw.de/bsz339464011cov.htm</subfield><subfield code="y">Verlagsinformation</subfield></datafield><datafield tag="856" ind1="4" ind2=" "><subfield code="8">01</subfield><subfield code="u">http://www.verlagdrkovac.de/978-3-8300-5346-0.htm</subfield><subfield code="y">Ausführliche Beschreibung</subfield></datafield><datafield tag="856" ind1="4" ind2=" "><subfield code="8">02</subfield><subfield code="u">http://d-nb.info/1006361324/04</subfield><subfield code="y">Verlagsinformation</subfield></datafield><datafield tag="856" ind1="4" ind2=" "><subfield code="8">03</subfield><subfield code="u">http://www.verlagdrkovac.de/978-3-8300-5346-0.htm</subfield><subfield code="y">Kurzbeschreibung des Verlags</subfield></datafield><datafield tag="980" ind1="0" ind2=" "><subfield code="a">00218673</subfield><subfield code="9">(PHFR)</subfield><subfield code="b">EG-Anbau (32)</subfield><subfield code="c">Paed H 970: 42</subfield><subfield code="d">Standardleihe (01)</subfield><subfield code="e">Verfügbar (X)</subfield></datafield></record>