
<record><leader>08672nam a2200000uu 4500</leader><controlfield tag="001">02336742</controlfield><controlfield tag="003">DE-Frei129</controlfield><controlfield tag="005">20220811084037.0</controlfield><controlfield tag="007">tu</controlfield><controlfield tag="008">100104s2010    ||||||||||||||||||||eng||</controlfield><datafield tag="020" ind1=" " ind2=" "><subfield code="a">9780739180679</subfield><subfield code="9">9780739180679</subfield></datafield><datafield tag="020" ind1=" " ind2=" "><subfield code="a">9780739142684</subfield><subfield code="9">9780739142684</subfield><subfield code="c">cloth : alk. paper</subfield></datafield><datafield tag="020" ind1=" " ind2=" "><subfield code="a">0739142682</subfield><subfield code="9">0739142682</subfield><subfield code="c">(hbk.)</subfield></datafield><datafield tag="020" ind1=" " ind2=" "><subfield code="a">9780739142707</subfield><subfield code="9">9780739142707</subfield><subfield code="c">(ebk.)</subfield></datafield><datafield tag="035" ind1=" " ind2=" "><subfield code="a">(DE-576)615654606</subfield></datafield><datafield tag="041" ind1=" " ind2=" "><subfield code="a">eng</subfield></datafield><datafield tag="044" ind1=" " ind2=" "><subfield code="c">XD-US</subfield><subfield code="c">XD-CA</subfield><subfield code="c">XA-GB</subfield></datafield><datafield tag="100" ind1="1" ind2=" "><subfield code="a">Schatzki, Theodore R.</subfield><subfield code="0">(DE-Frei129)00102019</subfield><subfield code="0">(DE-588)142946230</subfield></datafield><datafield tag="245" ind1="1" ind2="4"><subfield code="a">The timespace of human activity</subfield><subfield code="b">on performance, society, and history as indeterminate teleological events</subfield><subfield code="c">Theodore R. Schatzki</subfield></datafield><datafield tag="246" ind1="1" ind2="0"><subfield code="a">Time-space of human activity</subfield></datafield><datafield tag="260" ind1="3" ind2=" "><subfield code="a">Lanham [u.a.]</subfield><subfield code="b">Lexington</subfield><subfield code="c">c2010</subfield></datafield><datafield tag="300" ind1=" " ind2=" "><subfield code="a">XXII, 255 Seiten</subfield><subfield code="b">Ill.</subfield><subfield code="c">24 cm</subfield></datafield><datafield tag="490" ind1="0" ind2=" "><subfield code="a">Toposophia</subfield></datafield><datafield tag="500" ind1=" " ind2=" "><subfield code="a">Hier auch später erschienene, unveränderte Nachdrucke</subfield></datafield><datafield tag="500" ind1=" " ind2=" "><subfield code="a">Includes bibliographical references and index</subfield></datafield><datafield tag="500" ind1=" " ind2=" "><subfield code="a">IMD-Felder maschinell generiert (GBV)</subfield></datafield><datafield tag="650" ind1=" " ind2="7"><subfield code="a">Act (Philosophy)</subfield><subfield code="0">(DE-Frei129)14261424</subfield><subfield code="2">local</subfield></datafield><datafield tag="650" ind1=" " ind2="7"><subfield code="a">Space and time</subfield><subfield code="0">(DE-Frei129)00356846</subfield><subfield code="2">local</subfield></datafield><datafield tag="650" ind1=" " ind2="7"><subfield code="a">History</subfield><subfield code="x">Philosophy</subfield><subfield code="0">(DE-Frei129)14259054</subfield><subfield code="2">local</subfield></datafield><datafield tag="650" ind1=" " ind2="7"><subfield code="a">Free will and determinism</subfield><subfield code="0">(DE-Frei129)00388709</subfield><subfield code="2">local</subfield></datafield><datafield tag="650" ind1=" " ind2="7"><subfield code="a">Gesellschaft</subfield><subfield code="0">(DE-Frei129)00009577</subfield><subfield code="0">(DE-588)4020588-5</subfield><subfield code="2">gnd</subfield></datafield><datafield tag="650" ind1=" " ind2="7"><subfield code="a">Aktivität</subfield><subfield code="0">(DE-Frei129)00052977</subfield><subfield code="0">(DE-588)4141766-5</subfield><subfield code="2">gnd</subfield></datafield><datafield tag="650" ind1=" " ind2="7"><subfield code="a">Sozialraum</subfield><subfield code="0">(DE-Frei129)00037357</subfield><subfield code="0">(DE-588)4116546-9</subfield><subfield code="2">gnd</subfield></datafield><datafield tag="650" ind1=" " ind2="7"><subfield code="a">Zeit</subfield><subfield code="0">(DE-Frei129)00026816</subfield><subfield code="0">(DE-588)4067461-7</subfield><subfield code="2">gnd</subfield></datafield><datafield tag="650" ind1=" " ind2="7"><subfield code="a">Geschichte</subfield><subfield code="0">(DE-Frei129)00009489</subfield><subfield code="0">(DE-588)4020517-4</subfield><subfield code="2">gnd</subfield></datafield><datafield tag="650" ind1=" " ind2="7"><subfield code="a">History</subfield><subfield code="0">(DE-Frei129)00229518</subfield><subfield code="2">local</subfield></datafield><datafield tag="650" ind1=" " ind2="7"><subfield code="a">Philosophy</subfield><subfield code="0">(DE-Frei129)00228387</subfield><subfield code="2">local</subfield></datafield><datafield tag="650" ind1=" " ind2="7"><subfield code="a">Philosophie</subfield><subfield code="0">(DE-Frei129)00355329</subfield><subfield code="2">local</subfield></datafield><datafield tag="650" ind1=" " ind2="7"><subfield code="a">Handlungstheorie</subfield><subfield code="0">(DE-Frei129)02021284</subfield><subfield code="2">local</subfield></datafield><datafield tag="650" ind1=" " ind2="7"><subfield code="a">Handlung</subfield><subfield code="0">(DE-Frei129)02021663</subfield><subfield code="2">local</subfield></datafield><datafield tag="689" ind1="0" ind2="0"><subfield code="A">s</subfield><subfield code="a">Act (Philosophy)</subfield><subfield code="5">DE-101</subfield></datafield><datafield tag="689" ind1="1" ind2="0"><subfield code="A">s</subfield><subfield code="a">Space and time</subfield><subfield code="5">DE-101</subfield></datafield><datafield tag="689" ind1="2" ind2="0"><subfield code="A">s</subfield><subfield code="a">History / Philosophy</subfield><subfield code="5">DE-101</subfield></datafield><datafield tag="689" ind1="3" ind2="0"><subfield code="A">s</subfield><subfield code="a">Free will and determinism</subfield><subfield code="5">DE-101</subfield></datafield><datafield tag="689" ind1="4" ind2="0"><subfield code="0">(DE-588)4020588-5</subfield><subfield code="D">s</subfield><subfield code="a">Gesellschaft </subfield></datafield><datafield tag="689" ind1="4" ind2="1"><subfield code="0">(DE-588)4141766-5</subfield><subfield code="D">s</subfield><subfield code="a">Aktivität </subfield></datafield><datafield tag="689" ind1="4" ind2="2"><subfield code="0">(DE-588)4116546-9</subfield><subfield code="D">s</subfield><subfield code="a">Sozialraum </subfield></datafield><datafield tag="689" ind1="4" ind2="3"><subfield code="0">(DE-588)4067461-7</subfield><subfield code="D">s</subfield><subfield code="a">Zeit </subfield></datafield><datafield tag="689" ind1="4" ind2="4"><subfield code="0">(DE-588)4020517-4</subfield><subfield code="D">s</subfield><subfield code="a">Geschichte</subfield><subfield code="5">DE-101</subfield></datafield><datafield tag="689" ind1="5" ind2="0"><subfield code="0">(DE-588)4020588-5</subfield><subfield code="D">s</subfield><subfield code="a">Gesellschaft</subfield><subfield code="5">DE-101</subfield></datafield><datafield tag="689" ind1="6" ind2="0"><subfield code="0">(DE-588)4141766-5</subfield><subfield code="D">s</subfield><subfield code="a">Aktivität</subfield><subfield code="5">DE-101</subfield></datafield><datafield tag="689" ind1="7" ind2="0"><subfield code="0">(DE-588)4116546-9</subfield><subfield code="D">s</subfield><subfield code="a">Sozialraum</subfield><subfield code="5">DE-101</subfield></datafield><datafield tag="689" ind1="8" ind2="0"><subfield code="0">(DE-588)4067461-7</subfield><subfield code="D">s</subfield><subfield code="a">Zeit</subfield><subfield code="5">DE-101</subfield></datafield><datafield tag="689" ind1="9" ind2="0"><subfield code="0">(DE-588)4020517-4</subfield><subfield code="D">s</subfield><subfield code="a">Geschichte</subfield><subfield code="5">DE-101</subfield></datafield><datafield tag="852" ind1=" " ind2=" "><subfield code="a">Frei129</subfield><subfield code="c">Phil C 920: 44</subfield></datafield><datafield tag="856" ind1="4" ind2=" "><subfield code="8">00</subfield><subfield code="u">http://www.gbv.de/dms/bowker/toc/9780739180679.pdf</subfield><subfield code="y">Inhaltsverzeichnis</subfield></datafield><datafield tag="980" ind1="0" ind2=" "><subfield code="a">00216399</subfield><subfield code="9">(PHFR)</subfield><subfield code="b">EG-Anbau (32)</subfield><subfield code="c">Phil C 920: 44</subfield><subfield code="d">Standardleihe (01)</subfield><subfield code="e">Verfügbar (X)</subfield></datafield></record>