
<record><leader>04253nam a2200000uu 4500</leader><controlfield tag="001">02336683</controlfield><controlfield tag="003">DE-Frei129</controlfield><controlfield tag="005">20220811084037.0</controlfield><controlfield tag="007">tu</controlfield><controlfield tag="008">120419s2010    ||||||||||||||||||||ger||</controlfield><datafield tag="020" ind1=" " ind2=" "><subfield code="a">9783589050451</subfield><subfield code="9">9783589050451</subfield><subfield code="c">kart.: EUR 14.95</subfield></datafield><datafield tag="035" ind1=" " ind2=" "><subfield code="a">(DE-576)690238037</subfield></datafield><datafield tag="041" ind1=" " ind2=" "><subfield code="a">ger</subfield></datafield><datafield tag="044" ind1=" " ind2=" "><subfield code="c">XA-DE</subfield></datafield><datafield tag="100" ind1="1" ind2=" "><subfield code="a">Bobrowski, Susanne</subfield><subfield code="0">(DE-Frei129)00100430</subfield></datafield><datafield tag="245" ind1="1" ind2="0"><subfield code="a">Lernspiele im Mathematikunterricht</subfield><subfield code="b">Funktion von Lernspielen, didaktische Anregungen, Spiele für die Klassen 1 - 4</subfield><subfield code="c">Susanne Bobrowski; Reinhard Forthaus</subfield></datafield><datafield tag="250" ind1=" " ind2=" "><subfield code="a">5. Aufl.</subfield></datafield><datafield tag="260" ind1="3" ind2=" "><subfield code="a">Berlin</subfield><subfield code="b">Cornelsen Scriptor</subfield><subfield code="c">2010</subfield></datafield><datafield tag="300" ind1=" " ind2=" "><subfield code="a">111 Seiten</subfield><subfield code="b">Ill., graph. Darst.</subfield><subfield code="c">21 cm</subfield></datafield><datafield tag="490" ind1="0" ind2=" "><subfield code="a">Lehrer-Bücherei. Grundschule</subfield></datafield><datafield tag="500" ind1=" " ind2=" "><subfield code="a">Literaturverz. S. 110 - 111</subfield></datafield><datafield tag="500" ind1=" " ind2=" "><subfield code="a">IMD-Felder maschinell generiert (GBV)</subfield></datafield><datafield tag="650" ind1=" " ind2="7"><subfield code="a">Lernspiel</subfield><subfield code="0">(DE-Frei129)00030319</subfield><subfield code="0">(DE-588)4074167-9</subfield><subfield code="2">gnd</subfield></datafield><datafield tag="650" ind1=" " ind2="7"><subfield code="a">Mathematikunterricht</subfield><subfield code="0">(DE-Frei129)00016130</subfield><subfield code="0">(DE-588)4037949-8</subfield><subfield code="2">gnd</subfield></datafield><datafield tag="650" ind1=" " ind2="7"><subfield code="a">Grundschule</subfield><subfield code="0">(DE-Frei129)00010240</subfield><subfield code="0">(DE-588)4022349-8</subfield><subfield code="2">gnd</subfield></datafield><datafield tag="689" ind1="0" ind2="0"><subfield code="0">(DE-588)4074167-9</subfield><subfield code="D">s</subfield><subfield code="a">Lernspiel </subfield></datafield><datafield tag="689" ind1="0" ind2="1"><subfield code="0">(DE-588)4037949-8</subfield><subfield code="D">s</subfield><subfield code="a">Mathematikunterricht </subfield></datafield><datafield tag="689" ind1="0" ind2="2"><subfield code="0">(DE-588)4022349-8</subfield><subfield code="D">s</subfield><subfield code="a">Grundschule</subfield><subfield code="5">DE-101</subfield></datafield><datafield tag="700" ind1="1" ind2=" "><subfield code="0">(DE-Frei129)00124014</subfield><subfield code="a">Forthaus, Reinhard</subfield><subfield code="4">aut</subfield></datafield><datafield tag="852" ind1=" " ind2=" "><subfield code="a">Frei129</subfield><subfield code="c">Math N 700: 82</subfield></datafield><datafield tag="856" ind1="4" ind2=" "><subfield code="8">00</subfield><subfield code="u">http://swbplus.bsz-bw.de/bsz339083077cov.htm</subfield><subfield code="y">Cover</subfield></datafield><datafield tag="856" ind1="4" ind2=" "><subfield code="8">01</subfield><subfield code="u">http://www.gbv.de/dms/bs/toc/534320228.pdf</subfield><subfield code="y">Verlagsinformation</subfield></datafield><datafield tag="980" ind1="0" ind2=" "><subfield code="a">00284083</subfield><subfield code="9">(PHFR)</subfield><subfield code="b">Handbibliothek (50)</subfield><subfield code="c">Math N 700: 82</subfield><subfield code="d">Handbibliothek - nie verleihbar (54)</subfield><subfield code="e">Verfügbar (X)</subfield></datafield></record>