
<record><leader>04035nam a2200000uu 4500</leader><controlfield tag="001">02336671</controlfield><controlfield tag="003">DE-Frei129</controlfield><controlfield tag="005">20220811084037.0</controlfield><controlfield tag="007">tu</controlfield><controlfield tag="008">110322s2010    ||||||||||||||||||||ger||</controlfield><datafield tag="015" ind1=" " ind2=" "><subfield code="a">11,A02</subfield></datafield><datafield tag="016" ind1="7" ind2=" "><subfield code="a">1008287415</subfield><subfield code="2">DE-101</subfield></datafield><datafield tag="020" ind1=" " ind2=" "><subfield code="a">9783556059975</subfield><subfield code="9">978-3-556-05997-5</subfield><subfield code="c">kart. : EUR 24.90 (DE)</subfield></datafield><datafield tag="024" ind1="3" ind2=" "><subfield code="a">9783556059975</subfield></datafield><datafield tag="035" ind1=" " ind2=" "><subfield code="a">(DE-576)642394687</subfield></datafield><datafield tag="041" ind1=" " ind2=" "><subfield code="a">ger</subfield></datafield><datafield tag="044" ind1=" " ind2=" "><subfield code="c">XA-DE</subfield></datafield><datafield tag="100" ind1="1" ind2=" "><subfield code="a">Hinke-Ruhnau, Jutta</subfield><subfield code="0">(DE-Frei129)00170333</subfield></datafield><datafield tag="245" ind1="1" ind2="0"><subfield code="a">Qualitätsentwicklung in der Kindertagespflege</subfield><subfield code="c">Jutta Hinke-Ruhnau</subfield></datafield><datafield tag="250" ind1=" " ind2=" "><subfield code="a">1. Aufl.</subfield></datafield><datafield tag="260" ind1="3" ind2=" "><subfield code="a">[Köln]</subfield><subfield code="b">Wolters Kluwer</subfield><subfield code="c">2010</subfield></datafield><datafield tag="300" ind1=" " ind2=" "><subfield code="a">156  Seiten</subfield><subfield code="b">graph. Darst.</subfield><subfield code="c">24 cm</subfield></datafield><datafield tag="490" ind1="0" ind2=" "><subfield code="a">Praxis der Kindertagespflege</subfield></datafield><datafield tag="500" ind1=" " ind2=" "><subfield code="a">Literaturangaben</subfield></datafield><datafield tag="500" ind1=" " ind2=" "><subfield code="a">5090: ddsu/sred</subfield></datafield><datafield tag="650" ind1=" " ind2="7"><subfield code="a">Kindertagesstätte</subfield><subfield code="0">(DE-Frei129)00011424</subfield><subfield code="0">(DE-588)4030638-0</subfield><subfield code="2">gnd</subfield></datafield><datafield tag="650" ind1=" " ind2="7"><subfield code="a">Qualitätssteigerung</subfield><subfield code="0">(DE-Frei129)00065560</subfield><subfield code="0">(DE-588)4176587-4</subfield><subfield code="2">gnd</subfield></datafield><datafield tag="650" ind1=" " ind2="7"><subfield code="a">Bildungsplanung</subfield><subfield code="0">(DE-Frei129)00003904</subfield><subfield code="0">(DE-588)4006665-4</subfield><subfield code="2">gnd</subfield></datafield><datafield tag="689" ind1="0" ind2="0"><subfield code="0">(DE-588)4030638-0</subfield><subfield code="D">s</subfield><subfield code="a">Kindertagesstätte </subfield></datafield><datafield tag="689" ind1="0" ind2="1"><subfield code="0">(DE-588)4176587-4</subfield><subfield code="D">s</subfield><subfield code="a">Qualitätssteigerung </subfield></datafield><datafield tag="689" ind1="0" ind2="2"><subfield code="0">(DE-588)4006665-4</subfield><subfield code="D">s</subfield><subfield code="a">Bildungsplanung</subfield><subfield code="5">DE-101</subfield></datafield><datafield tag="852" ind1=" " ind2=" "><subfield code="a">Frei129</subfield><subfield code="c">Paed G 860: 225</subfield></datafield><datafield tag="856" ind1="4" ind2=" "><subfield code="8">00</subfield><subfield code="u">http://d-nb.info/1008287415/04</subfield><subfield code="y">Inhaltsverzeichnis</subfield></datafield><datafield tag="980" ind1="0" ind2=" "><subfield code="a">00346049</subfield><subfield code="9">(PHFR)</subfield><subfield code="b">EG-Anbau (32)</subfield><subfield code="c">Paed G 860: 225 a</subfield><subfield code="d">Standardleihe (01)</subfield><subfield code="e">Verfügbar (X)</subfield></datafield></record>