
<record><leader>07000nam a2200000uu 4500</leader><controlfield tag="001">02336643</controlfield><controlfield tag="003">DE-Frei129</controlfield><controlfield tag="005">20220811084037.0</controlfield><controlfield tag="007">tu</controlfield><controlfield tag="008">100513s2010    ||||||||||||||||||||eng||</controlfield><datafield tag="015" ind1=" " ind2=" "><subfield code="a">11,A05</subfield></datafield><datafield tag="016" ind1="7" ind2=" "><subfield code="a">1002603129</subfield><subfield code="2">DE-101</subfield></datafield><datafield tag="020" ind1=" " ind2=" "><subfield code="a">9781433103643</subfield><subfield code="9">9781433103643</subfield><subfield code="c">kart.</subfield></datafield><datafield tag="020" ind1=" " ind2=" "><subfield code="z">9781433103643</subfield><subfield code="9">978-1-4331-0364-3</subfield></datafield><datafield tag="035" ind1=" " ind2=" "><subfield code="a">(DE-576)626130999</subfield></datafield><datafield tag="041" ind1=" " ind2=" "><subfield code="a">eng</subfield></datafield><datafield tag="044" ind1=" " ind2=" "><subfield code="c">XD-US</subfield><subfield code="c">XA-DE</subfield><subfield code="c">XA-CH</subfield></datafield><datafield tag="245" ind1="1" ind2="0"><subfield code="a">Toolkits, translation devices and conceptual accounts</subfield><subfield code="b">essays on Basil Bernstein&apos;s sociology of knowledge</subfield><subfield code="c">ed. by Parlo Singh ...</subfield></datafield><datafield tag="260" ind1="3" ind2=" "><subfield code="a">New York, NY ; Washington, DC ; Baltimore, Md. ; Bern ; Frankfurt, M. ; Berlin ; Brussels ; Vienna ; Oxford</subfield><subfield code="b">Lang</subfield><subfield code="c">2010</subfield></datafield><datafield tag="300" ind1=" " ind2=" "><subfield code="a">VII, 288 Seiten</subfield><subfield code="b">graph. Darst.</subfield><subfield code="c">23 cm</subfield></datafield><datafield tag="490" ind1="1" ind2=" "><subfield code="a">History of schools and schooling </subfield><subfield code="v">Vol. 51</subfield></datafield><datafield tag="500" ind1=" " ind2=" "><subfield code="a">Konferenzschrift, 2006</subfield></datafield><datafield tag="500" ind1=" " ind2=" "><subfield code="a">Newark, NJ</subfield></datafield><datafield tag="500" ind1=" " ind2=" "><subfield code="a">Literaturangaben</subfield></datafield><datafield tag="500" ind1=" " ind2=" "><subfield code="a">IMD-Felder maschinell generiert (GBV)</subfield></datafield><datafield tag="600" ind1="1" ind2="7"><subfield code="0">(DE-Frei129)00004564</subfield><subfield code="0">(DE-588)118509985</subfield><subfield code="a">Bernstein, Basil</subfield><subfield code="2">gnd</subfield></datafield><datafield tag="650" ind1=" " ind2="7"><subfield code="a">Pädagogische Soziologie</subfield><subfield code="0">(DE-Frei129)00031328</subfield><subfield code="0">(DE-588)4075806-0</subfield><subfield code="2">gnd</subfield></datafield><datafield tag="650" ind1=" " ind2="7"><subfield code="a">Bildungsforschung</subfield><subfield code="0">(DE-Frei129)00040118</subfield><subfield code="0">(DE-588)4122926-5</subfield><subfield code="2">gnd</subfield></datafield><datafield tag="650" ind1=" " ind2="7"><subfield code="a">Bildungspolitik</subfield><subfield code="0">(DE-Frei129)00003912</subfield><subfield code="0">(DE-588)4006667-8</subfield><subfield code="2">gnd</subfield></datafield><datafield tag="650" ind1=" " ind2="7"><subfield code="a">Bernstein, Basil B</subfield><subfield code="0">(DE-Frei129)00441841</subfield><subfield code="2">local</subfield></datafield><datafield tag="650" ind1=" " ind2="7"><subfield code="a">Critical pedagogy</subfield><subfield code="0">(DE-Frei129)00248743</subfield><subfield code="2">local</subfield></datafield><datafield tag="650" ind1=" " ind2="7"><subfield code="a">Educational sociology</subfield><subfield code="0">(DE-Frei129)00241137</subfield><subfield code="2">local</subfield></datafield><datafield tag="650" ind1=" " ind2="7"><subfield code="a">Knowledge, Sociology of</subfield><subfield code="0">(DE-Frei129)01748780</subfield><subfield code="2">local</subfield></datafield><datafield tag="689" ind1="0" ind2="0"><subfield code="0">(DE-588)118509985</subfield><subfield code="D">p</subfield><subfield code="a">Bernstein, Basil </subfield></datafield><datafield tag="689" ind1="0" ind2="1"><subfield code="0">(DE-588)4075806-0</subfield><subfield code="D">s</subfield><subfield code="a">Pädagogische Soziologie</subfield><subfield code="5">DE-101</subfield></datafield><datafield tag="689" ind1="1" ind2="0"><subfield code="0">(DE-588)4075806-0</subfield><subfield code="D">s</subfield><subfield code="a">Pädagogische Soziologie </subfield></datafield><datafield tag="689" ind1="1" ind2="1"><subfield code="0">(DE-588)4122926-5</subfield><subfield code="D">s</subfield><subfield code="a">Bildungsforschung </subfield></datafield><datafield tag="689" ind1="1" ind2="2"><subfield code="0">(DE-588)4006667-8</subfield><subfield code="D">s</subfield><subfield code="a">Bildungspolitik</subfield><subfield code="5">DE-101</subfield></datafield><datafield tag="689" ind1="2" ind2="0"><subfield code="A">s</subfield><subfield code="a">Bernstein, Basil B</subfield><subfield code="5">DE-101</subfield></datafield><datafield tag="689" ind1="3" ind2="0"><subfield code="A">s</subfield><subfield code="a">Critical pedagogy</subfield><subfield code="5">DE-101</subfield></datafield><datafield tag="689" ind1="4" ind2="0"><subfield code="A">s</subfield><subfield code="a">Educational sociology</subfield><subfield code="5">DE-101</subfield></datafield><datafield tag="689" ind1="5" ind2="0"><subfield code="A">s</subfield><subfield code="a">Knowledge, Sociology of</subfield><subfield code="5">DE-101</subfield></datafield><datafield tag="700" ind1="1" ind2=" "><subfield code="0">(DE-Frei129)00808902</subfield><subfield code="a">Singh, Parlo</subfield><subfield code="4">Hrsg.</subfield></datafield><datafield tag="830" ind1=" " ind2="0"><subfield code="a">History of schools and schooling</subfield><subfield code="v">Vol. 51</subfield><subfield code="w">(DE-Frei129)00206012</subfield><subfield code="9">251</subfield></datafield><datafield tag="852" ind1=" " ind2=" "><subfield code="a">Frei129</subfield><subfield code="c">Paed A 680: 41</subfield></datafield><datafield tag="856" ind1="4" ind2=" "><subfield code="8">00</subfield><subfield code="u">http://www.gbv.de/dms/bowker/toc/9781433103643.pdf</subfield><subfield code="y">Inhaltsverzeichnis</subfield></datafield><datafield tag="856" ind1="4" ind2=" "><subfield code="8">01</subfield><subfield code="u">http://d-nb.info/1002603129/04</subfield><subfield code="y">Verlagsinformation</subfield></datafield><datafield tag="980" ind1="0" ind2=" "><subfield code="a">00218564</subfield><subfield code="9">(PHFR)</subfield><subfield code="b">EG-Anbau (32)</subfield><subfield code="c">Paed A 680: 41</subfield><subfield code="d">Standardleihe (01)</subfield><subfield code="e">Verfügbar (X)</subfield></datafield></record>