
<record><leader>04131nam a2200000uuc4500</leader><controlfield tag="001">02336619</controlfield><controlfield tag="003">DE-Frei129</controlfield><controlfield tag="005">20220811084037.0</controlfield><controlfield tag="007">tu</controlfield><controlfield tag="008">110318s2010    ||||||||||||||||||||ger||</controlfield><datafield tag="020" ind1=" " ind2=" "><subfield code="a">9783060020805</subfield><subfield code="9">9783060020805</subfield></datafield><datafield tag="035" ind1=" " ind2=" "><subfield code="a">(DE-576)1408916053</subfield></datafield><datafield tag="041" ind1=" " ind2=" "><subfield code="a">ger</subfield></datafield><datafield tag="245" ind1="1" ind2="0"><subfield code="a">Mathe für kleine Asse</subfield><subfield code="b">Empfehlungen zur Förderung mathematisch interessierter und begabter Kinder im ... Schuljahr und ... Schuljahr</subfield><subfield code="n">[1]</subfield><subfield code="p">3. und 4. Schuljahr; [Band 1]; [mit Kopiervorlagen] / Friedhelm Käpnick</subfield><subfield code="c">von Mandy Fuchs ...</subfield></datafield><datafield tag="250" ind1=" " ind2=" "><subfield code="a">1. Aufl., 6. Dr.</subfield></datafield><datafield tag="260" ind1="3" ind2=" "><subfield code="a">[Berlin]</subfield><subfield code="a">Berlin</subfield><subfield code="b">Cornelsen</subfield><subfield code="b">Volk und Wissen</subfield><subfield code="c">2010</subfield></datafield><datafield tag="300" ind1=" " ind2=" "><subfield code="a">192 Seiten</subfield><subfield code="b">Ill., graph. Darst.</subfield></datafield><datafield tag="650" ind1=" " ind2="7"><subfield code="a">Begabtenförderung</subfield><subfield code="0">(DE-Frei129)00027509</subfield><subfield code="0">(DE-588)4069227-9</subfield><subfield code="2">gnd</subfield></datafield><datafield tag="650" ind1=" " ind2="7"><subfield code="a">Mathematikunterricht</subfield><subfield code="0">(DE-Frei129)00016130</subfield><subfield code="0">(DE-588)4037949-8</subfield><subfield code="2">gnd</subfield></datafield><datafield tag="650" ind1=" " ind2="7"><subfield code="a">Schuljahr 3-4</subfield><subfield code="0">(DE-Frei129)00075215</subfield><subfield code="0">(DE-588)4206495-8</subfield><subfield code="2">gnd</subfield></datafield><datafield tag="689" ind1="0" ind2="0"><subfield code="0">(DE-588)4069227-9</subfield><subfield code="D">s</subfield><subfield code="a">Begabtenförderung </subfield></datafield><datafield tag="689" ind1="0" ind2="1"><subfield code="0">(DE-588)4037949-8</subfield><subfield code="D">s</subfield><subfield code="a">Mathematikunterricht </subfield></datafield><datafield tag="689" ind1="0" ind2="2"><subfield code="0">(DE-588)4206495-8</subfield><subfield code="D">s</subfield><subfield code="a">Schuljahr 3-4</subfield><subfield code="5">DE-101</subfield></datafield><datafield tag="700" ind1="1" ind2=" "><subfield code="0">(DE-Frei129)00124151</subfield><subfield code="a">Käpnick, Friedhelm</subfield><subfield code="4">oth</subfield></datafield><datafield tag="773" ind1="0" ind2="8"><subfield code="w">(DE-Frei129)00266955</subfield><subfield code="q">3/442006</subfield></datafield><datafield tag="852" ind1=" " ind2=" "><subfield code="a">Frei129</subfield><subfield code="c">Math O 700: 112,1/3/4</subfield></datafield><datafield tag="856" ind1="4" ind2=" "><subfield code="8">00</subfield><subfield code="u">http://swbplus.bsz-bw.de/bsz338916059cov.htm</subfield><subfield code="y">Cover</subfield></datafield><datafield tag="980" ind1="0" ind2=" "><subfield code="a">00284102</subfield><subfield code="9">(PHFR)</subfield><subfield code="b">Handbibliothek (50)</subfield><subfield code="c">Math O 700: 112,1/3/4</subfield><subfield code="d">Handbibliothek - nie verleihbar (54)</subfield><subfield code="e">Verfügbar (X)</subfield></datafield><datafield tag="980" ind1="0" ind2=" "><subfield code="a">00430844</subfield><subfield code="9">(PHFR)</subfield><subfield code="b">Handbibliothek (50)</subfield><subfield code="c">Math O 700: 112,1/3/4 a</subfield><subfield code="d">Handbibliothek - nie verleihbar (54)</subfield><subfield code="e">Verfügbar (X)</subfield></datafield></record>