
<record><leader>02409nam a2200000uu 4500</leader><controlfield tag="001">02336594</controlfield><controlfield tag="003">DE-Frei129</controlfield><controlfield tag="005">20220811084037.0</controlfield><controlfield tag="007">tu</controlfield><controlfield tag="008">110317s2010    ||||||||||||||||||||ger||</controlfield><datafield tag="020" ind1=" " ind2=" "><subfield code="a">9783499101700</subfield><subfield code="9">9783499101700</subfield></datafield><datafield tag="024" ind1="3" ind2=" "><subfield code="a">9783499101700</subfield></datafield><datafield tag="035" ind1=" " ind2=" "><subfield code="a">(DE-576)1608729370</subfield></datafield><datafield tag="041" ind1=" " ind2=" "><subfield code="a">ger</subfield></datafield><datafield tag="245" ind1="1" ind2="0"><subfield code="a">Draußen vor der Tür</subfield><subfield code="b">und ausgewählte Erzählungen</subfield><subfield code="c">Wolfgang Borchert. Mit einem Nachw. von Heinrich Böll</subfield></datafield><datafield tag="250" ind1=" " ind2=" "><subfield code="a">92. Aufl.</subfield></datafield><datafield tag="260" ind1="3" ind2=" "><subfield code="a">Reinbek bei Hamburg</subfield><subfield code="b">Rowohlt-Taschenbuch-Verl.</subfield><subfield code="c">2010</subfield></datafield><datafield tag="300" ind1=" " ind2=" "><subfield code="a">120 Seiten</subfield></datafield><datafield tag="490" ind1="0" ind2=" "><subfield code="a">rororo </subfield><subfield code="v">10170</subfield></datafield><datafield tag="700" ind1="1" ind2=" "><subfield code="0">(DE-588)118513451</subfield><subfield code="0">(DE-Frei129)00006467</subfield><subfield code="a">Borchert, Wolfgang</subfield><subfield code="4">aut</subfield></datafield><datafield tag="700" ind1="1" ind2=" "><subfield code="0">(DE-588)118512676</subfield><subfield code="0">(DE-Frei129)00006026</subfield><subfield code="a">Böll, Heinrich</subfield><subfield code="4">oth</subfield></datafield><datafield tag="852" ind1=" " ind2=" "><subfield code="a">Frei 129</subfield><subfield code="b">PHFR</subfield><subfield code="c">GN 3653 D767 (92)</subfield></datafield><datafield tag="980" ind1="0" ind2=" "><subfield code="a">00218147</subfield><subfield code="9">(PHFR)</subfield><subfield code="b">2.OG (35)</subfield><subfield code="c">GN 3653 D767 (92)</subfield><subfield code="d">Standardleihe (01)</subfield><subfield code="e">Verfügbar (X)</subfield></datafield></record>