
<record><leader>02330nam a2200000uuc4500</leader><controlfield tag="001">02336545</controlfield><controlfield tag="003">DE-Frei129</controlfield><controlfield tag="005">20220811084037.0</controlfield><controlfield tag="007">tu</controlfield><controlfield tag="008">110316s2010    ||||||||||||||||||||ger||</controlfield><datafield tag="020" ind1=" " ind2=" "><subfield code="a">9783060827329</subfield><subfield code="9">978-3-06-082732-9</subfield></datafield><datafield tag="024" ind1="3" ind2=" "><subfield code="a">9783060827329</subfield></datafield><datafield tag="035" ind1=" " ind2=" "><subfield code="a">(DE-576)1408799847</subfield></datafield><datafield tag="041" ind1=" " ind2=" "><subfield code="a">ger</subfield></datafield><datafield tag="245" ind1="1" ind2="0"><subfield code="a">Einstern</subfield><subfield code="b">Mathematik für Grundschulkinder; Mathematikwerk für offenes Arbeiten</subfield><subfield code="n">1, Themenheft 5</subfield><subfield code="p">Rechnen bis 20, Zehnerzahlen bis 100</subfield><subfield code="c">erarb. von Roland Bauer...</subfield></datafield><datafield tag="250" ind1=" " ind2=" "><subfield code="a">[Neubearb.], 1. Aufl., 1. Druck</subfield></datafield><datafield tag="260" ind1="3" ind2=" "><subfield code="a">Berlin</subfield><subfield code="b">Cornelsen</subfield><subfield code="c">2010</subfield></datafield><datafield tag="300" ind1=" " ind2=" "><subfield code="a">56  Seiten</subfield></datafield><datafield tag="500" ind1=" " ind2=" "><subfield code="a">Hier auch später erschienene, unveränderte Nachdrucke</subfield></datafield><datafield tag="500" ind1=" " ind2=" "><subfield code="a">Neubearb. laut Verl.-katalog</subfield></datafield><datafield tag="773" ind1="0" ind2="8"><subfield code="w">(DE-Frei129)01003613</subfield><subfield code="q">11THE1542010</subfield></datafield><datafield tag="856" ind1="4" ind2=" "><subfield code="8">00</subfield><subfield code="u">http://swbplus.bsz-bw.de/bsz338799842cov.htm</subfield><subfield code="y">Cover</subfield></datafield><datafield tag="980" ind1="0" ind2=" "><subfield code="a">00284139</subfield><subfield code="9">(PHFR)</subfield><subfield code="b">Handbibliothek (50)</subfield><subfield code="d">Handbibliothek - nie verleihbar (54)</subfield><subfield code="e">Verfügbar (X)</subfield></datafield></record>