
<record><leader>03127nam a2200000uu 4500</leader><controlfield tag="001">02335892</controlfield><controlfield tag="003">DE-Frei129</controlfield><controlfield tag="005">20220811084037.0</controlfield><controlfield tag="007">tu</controlfield><controlfield tag="008">110315s2010    ||||||||||||||||||||ger||</controlfield><datafield tag="015" ind1=" " ind2=" "><subfield code="a">10,A50</subfield></datafield><datafield tag="016" ind1="7" ind2=" "><subfield code="a">1001932560</subfield><subfield code="2">DE-101</subfield></datafield><datafield tag="020" ind1=" " ind2=" "><subfield code="a">9783746626468</subfield><subfield code="9">9783746626468</subfield><subfield code="c">kart. : EUR 9.95 (DE), EUR 10.30 (AT), sfr 17.50 (freier Pr.)</subfield></datafield><datafield tag="024" ind1="3" ind2=" "><subfield code="a">9783746626468</subfield></datafield><datafield tag="035" ind1=" " ind2=" "><subfield code="a">(DE-576)626832594</subfield></datafield><datafield tag="041" ind1=" " ind2=" "><subfield code="a">ger</subfield><subfield code="h">eng</subfield></datafield><datafield tag="044" ind1=" " ind2=" "><subfield code="c">XA-DE-BE</subfield></datafield><datafield tag="100" ind1="1" ind2=" "><subfield code="a">Stoker, Bram</subfield><subfield code="0">(DE-Frei129)00054069</subfield><subfield code="0">(DE-588)118798995</subfield></datafield><datafield tag="245" ind1="1" ind2="0"><subfield code="a">Dracula</subfield><subfield code="c">Bram Stoker. Nach einer alten Übers. bearb. von Martin Engelmann</subfield></datafield><datafield tag="246" ind1="1" ind2="3"><subfield code="a">Dracula</subfield></datafield><datafield tag="250" ind1=" " ind2=" "><subfield code="a">Vollst. Ausg., 1. Aufl.</subfield></datafield><datafield tag="260" ind1="3" ind2=" "><subfield code="a">Berlin</subfield><subfield code="b">Aufbau-Taschenbuch</subfield><subfield code="c">2010</subfield></datafield><datafield tag="300" ind1=" " ind2=" "><subfield code="a">552 Seiten</subfield><subfield code="b">Ill.</subfield><subfield code="c">19 cm</subfield></datafield><datafield tag="490" ind1="0" ind2=" "><subfield code="a">atb </subfield><subfield code="v">2646</subfield></datafield><datafield tag="490" ind1="0" ind2=" "><subfield code="a">$71340165-8 </subfield><subfield code="v">2646</subfield></datafield><datafield tag="500" ind1=" " ind2=" "><subfield code="a">IMD-Felder maschinell generiert (GBV)</subfield></datafield><datafield tag="700" ind1="1" ind2=" "><subfield code="0">(DE-588)123831199</subfield><subfield code="0">(DE-Frei129)00798663</subfield><subfield code="a">Engelmann, Martin</subfield><subfield code="4">Bearb.</subfield></datafield><datafield tag="852" ind1=" " ind2=" "><subfield code="a">Frei 129</subfield><subfield code="b">PHFR</subfield><subfield code="c">HL 4518 D757 E5</subfield></datafield><datafield tag="980" ind1="0" ind2=" "><subfield code="a">00217741</subfield><subfield code="9">(PHFR)</subfield><subfield code="b">2.OG (35)</subfield><subfield code="c">HL 4518 D757 E5</subfield><subfield code="d">Standardleihe (01)</subfield><subfield code="e">Verfügbar (X)</subfield></datafield></record>