
<record><leader>05482nam a2200000uu 4500</leader><controlfield tag="001">02335881</controlfield><controlfield tag="003">DE-Frei129</controlfield><controlfield tag="005">20220811084037.0</controlfield><controlfield tag="007">tu</controlfield><controlfield tag="008">101124s2010    ||||||||||||||||||||ger||</controlfield><datafield tag="015" ind1=" " ind2=" "><subfield code="a">10,A50</subfield></datafield><datafield tag="016" ind1="7" ind2=" "><subfield code="a">1008312843</subfield><subfield code="2">DE-101</subfield></datafield><datafield tag="020" ind1=" " ind2=" "><subfield code="a">9783406611247</subfield><subfield code="9">9783406611247</subfield><subfield code="c">kart. : EUR 12.95 (DE), sfr 18.90 (freier Pr.)</subfield></datafield><datafield tag="024" ind1="3" ind2=" "><subfield code="a">9783406611247</subfield></datafield><datafield tag="035" ind1=" " ind2=" "><subfield code="a">(DE-576)640504485</subfield></datafield><datafield tag="041" ind1=" " ind2=" "><subfield code="a">ger</subfield></datafield><datafield tag="044" ind1=" " ind2=" "><subfield code="c">XA-DE-BY</subfield></datafield><datafield tag="245" ind1="1" ind2="0"><subfield code="a">Von Erlaucht bis Spektabilis</subfield><subfield code="b">kleines Lexikon der Titel und Anreden</subfield><subfield code="c">Otto Krabs</subfield></datafield><datafield tag="250" ind1=" " ind2=" "><subfield code="a">Orig.-Ausg., unveränd. Nachdr., 3. Aufl.</subfield></datafield><datafield tag="260" ind1="3" ind2=" "><subfield code="a">München</subfield><subfield code="b">Beck</subfield><subfield code="c">2010</subfield></datafield><datafield tag="300" ind1=" " ind2=" "><subfield code="a">167 Seiten</subfield><subfield code="c">19 cm</subfield></datafield><datafield tag="490" ind1="0" ind2=" "><subfield code="a">Beck&apos;sche Reihe </subfield><subfield code="v">1486</subfield></datafield><datafield tag="500" ind1=" " ind2=" "><subfield code="a">Literaturangaben</subfield></datafield><datafield tag="500" ind1=" " ind2=" "><subfield code="a">IMD-Felder maschinell generiert (GBV)</subfield></datafield><datafield tag="650" ind1=" " ind2="7"><subfield code="a">Adel</subfield><subfield code="0">(DE-Frei129)00000697</subfield><subfield code="0">(DE-588)4000464-8</subfield><subfield code="2">gnd</subfield></datafield><datafield tag="650" ind1=" " ind2="7"><subfield code="a">Titulatur</subfield><subfield code="0">(DE-Frei129)00024227</subfield><subfield code="0">(DE-588)4060243-6</subfield><subfield code="2">gnd</subfield></datafield><datafield tag="650" ind1=" " ind2="7"><subfield code="a">Anrede</subfield><subfield code="0">(DE-Frei129)00001436</subfield><subfield code="0">(DE-588)4002158-0</subfield><subfield code="2">gnd</subfield></datafield><datafield tag="650" ind1=" " ind2="7"><subfield code="a">Würdenträger</subfield><subfield code="0">(DE-Frei129)00079722</subfield><subfield code="0">(DE-588)4244187-0</subfield><subfield code="2">gnd</subfield></datafield><datafield tag="650" ind1=" " ind2="7"><subfield code="a">Amtsbezeichnung</subfield><subfield code="0">(DE-Frei129)00053167</subfield><subfield code="0">(DE-588)4142297-1</subfield><subfield code="2">gnd</subfield></datafield><datafield tag="689" ind1="0" ind2="0"><subfield code="0">(DE-588)4000464-8</subfield><subfield code="D">s</subfield><subfield code="a">Adel </subfield></datafield><datafield tag="689" ind1="0" ind2="1"><subfield code="0">(DE-588)4060243-6</subfield><subfield code="D">s</subfield><subfield code="a">Titulatur </subfield></datafield><datafield tag="689" ind1="0" ind2="2"><subfield code="0">(DE-588)4002158-0</subfield><subfield code="D">s</subfield><subfield code="a">Anrede</subfield><subfield code="5">DE-101</subfield></datafield><datafield tag="689" ind1="1" ind2="0"><subfield code="0">(DE-588)4002158-0</subfield><subfield code="D">s</subfield><subfield code="a">Anrede </subfield></datafield><datafield tag="689" ind1="1" ind2="1"><subfield code="0">(DE-588)4244187-0</subfield><subfield code="D">s</subfield><subfield code="a">Würdenträger </subfield></datafield><datafield tag="689" ind1="1" ind2="2"><subfield code="0">(DE-588)4142297-1</subfield><subfield code="D">s</subfield><subfield code="a">Amtsbezeichnung</subfield><subfield code="5">DE-101</subfield></datafield><datafield tag="700" ind1="1" ind2=" "><subfield code="0">(DE-588)129210870</subfield><subfield code="0">(DE-Frei129)00177003</subfield><subfield code="a">Krabs, Otto</subfield><subfield code="4">aut</subfield></datafield><datafield tag="852" ind1=" " ind2=" "><subfield code="a">Frei 129</subfield><subfield code="b">PHFR</subfield><subfield code="c">GC 8131 K89 (3)</subfield></datafield><datafield tag="856" ind1="4" ind2=" "><subfield code="8">00</subfield><subfield code="u">http://d-nb.info/1008312843/04</subfield><subfield code="y">Kurzbeschreibung des Verlags</subfield></datafield><datafield tag="856" ind1="4" ind2=" "><subfield code="8">01</subfield><subfield code="u">http://bvbr.bib-bvb.de:8991/F?func=service&amp;doc_library=BVB01&amp;doc_number=020770707&amp;line_number=0001&amp;func_code=DB_RECORDS&amp;service_type=MEDIA</subfield><subfield code="y">Klappentext</subfield></datafield><datafield tag="980" ind1="0" ind2=" "><subfield code="a">00217822</subfield><subfield code="9">(PHFR)</subfield><subfield code="b">UG (33)</subfield><subfield code="c">GC 8131 K89 (3)</subfield><subfield code="d">Standardleihe (01)</subfield><subfield code="e">Verfügbar (X)</subfield></datafield></record>