
<record><leader>03398nam a2200000uu 4500</leader><controlfield tag="001">02335865</controlfield><controlfield tag="003">DE-Frei129</controlfield><controlfield tag="005">20220811084038.0</controlfield><controlfield tag="007">tu</controlfield><controlfield tag="008">100922s2010    ||||||||||||||||||||ger||</controlfield><datafield tag="015" ind1=" " ind2=" "><subfield code="a">10,A50</subfield></datafield><datafield tag="016" ind1="7" ind2=" "><subfield code="a">1006885072</subfield><subfield code="2">DE-101</subfield></datafield><datafield tag="020" ind1=" " ind2=" "><subfield code="a">9783723514009</subfield><subfield code="9">9783723514009</subfield><subfield code="c">kart. :  EUR 12.00 (DE),  sfr 19.00 (freier Pr.)</subfield></datafield><datafield tag="024" ind1="3" ind2=" "><subfield code="a">9783723514009</subfield></datafield><datafield tag="035" ind1=" " ind2=" "><subfield code="a">(DE-576)635454602</subfield></datafield><datafield tag="041" ind1=" " ind2=" "><subfield code="a">ger</subfield></datafield><datafield tag="044" ind1=" " ind2=" "><subfield code="c">XA-CH</subfield></datafield><datafield tag="100" ind1="1" ind2=" "><subfield code="a">Fuchs, Nikolai</subfield><subfield code="0">(DE-Frei129)00809364</subfield><subfield code="0">(DE-588)122736095</subfield></datafield><datafield tag="245" ind1="1" ind2="0"><subfield code="a">Wie weiter mit der biologisch-dynamischen Forschung?</subfield><subfield code="b">ein Diskussionsbeitrag</subfield><subfield code="c">Nikolai Fuchs</subfield></datafield><datafield tag="260" ind1="3" ind2=" "><subfield code="a">Dornach</subfield><subfield code="b">Verl. am Goetheanum</subfield><subfield code="c">2010</subfield></datafield><datafield tag="300" ind1=" " ind2=" "><subfield code="a">112 Seiten</subfield><subfield code="c">18 cm</subfield></datafield><datafield tag="500" ind1=" " ind2=" "><subfield code="a">Literaturangaben</subfield></datafield><datafield tag="500" ind1=" " ind2=" "><subfield code="a">IMD-Felder maschinell generiert (GBV)</subfield></datafield><datafield tag="650" ind1=" " ind2="7"><subfield code="a">Biologisch-dynamische Wirtschaftsweise</subfield><subfield code="0">(DE-Frei129)00004041</subfield><subfield code="0">(DE-588)4006856-0</subfield><subfield code="2">gnd</subfield></datafield><datafield tag="650" ind1=" " ind2="7"><subfield code="a">Agrarforschung</subfield><subfield code="0">(DE-Frei129)00027122</subfield><subfield code="0">(DE-588)4310943-3</subfield><subfield code="2">gnd</subfield></datafield><datafield tag="689" ind1="0" ind2="0"><subfield code="0">(DE-588)4006856-0</subfield><subfield code="D">s</subfield><subfield code="a">Biologisch-dynamische Wirtschaftsweise </subfield></datafield><datafield tag="689" ind1="0" ind2="1"><subfield code="0">(DE-588)4310943-3</subfield><subfield code="D">s</subfield><subfield code="a">Agrarforschung</subfield><subfield code="5">DE-101</subfield></datafield><datafield tag="852" ind1=" " ind2=" "><subfield code="a">Frei 129</subfield><subfield code="b">PHFR</subfield><subfield code="c">ZB 29000 F951</subfield></datafield><datafield tag="980" ind1="0" ind2=" "><subfield code="a">00217777</subfield><subfield code="9">(PHFR)</subfield><subfield code="b">3.OG (37)</subfield><subfield code="c">ZB 29000 F951</subfield><subfield code="d">Standardleihe (01)</subfield><subfield code="e">Verfügbar (X)</subfield></datafield></record>