
<record><leader>04511nam a2200000uu 4500</leader><controlfield tag="001">02335858</controlfield><controlfield tag="003">DE-Frei129</controlfield><controlfield tag="005">20220811084038.0</controlfield><controlfield tag="007">tu</controlfield><controlfield tag="008">110315s2010    ||||||||||||||||||||ger||</controlfield><datafield tag="015" ind1=" " ind2=" "><subfield code="a">10,A49</subfield></datafield><datafield tag="016" ind1="7" ind2=" "><subfield code="a">1003462588</subfield><subfield code="2">DE-101</subfield></datafield><datafield tag="020" ind1=" " ind2=" "><subfield code="a">9783292006295</subfield><subfield code="9">978-3-292-00629-5</subfield><subfield code="c">kart. : ca. EUR 29.10, ca. sfr 44.00 (freier Pr.)</subfield></datafield><datafield tag="024" ind1="3" ind2=" "><subfield code="a">9783292006295</subfield></datafield><datafield tag="024" ind1="8" ind2=" "><subfield code="a">84493</subfield></datafield><datafield tag="035" ind1=" " ind2=" "><subfield code="a">(DE-576)629927901</subfield></datafield><datafield tag="041" ind1=" " ind2=" "><subfield code="a">ger</subfield></datafield><datafield tag="044" ind1=" " ind2=" "><subfield code="c">XA-CH</subfield></datafield><datafield tag="245" ind1="1" ind2="0"><subfield code="a">Stärken entdecken - erfassen - entwickeln</subfield><subfield code="b">das Talentportfolio in der Schule</subfield><subfield code="c">Urs Eisenbart; Beat Schelbert; Esther Stokar-Bischofberger</subfield></datafield><datafield tag="250" ind1=" " ind2=" "><subfield code="a">1. Aufl.</subfield></datafield><datafield tag="260" ind1="3" ind2=" "><subfield code="a">Bern</subfield><subfield code="b">Schulverl. Plus</subfield><subfield code="c">2010 2010</subfield></datafield><datafield tag="300" ind1=" " ind2=" "><subfield code="a">127  Seiten</subfield><subfield code="b">Ill.</subfield><subfield code="c">30 cm</subfield><subfield code="e">1 CD-ROM</subfield></datafield><datafield tag="500" ind1=" " ind2=" "><subfield code="a">Literaturangaben</subfield></datafield><datafield tag="650" ind1=" " ind2="7"><subfield code="a">Portfolio</subfield><subfield code="x">Pädagogik</subfield><subfield code="0">(DE-Frei129)00106947</subfield><subfield code="0">(DE-588)4618066-7</subfield><subfield code="2">gnd</subfield></datafield><datafield tag="650" ind1=" " ind2="7"><subfield code="a">Unterricht</subfield><subfield code="0">(DE-Frei129)00001741</subfield><subfield code="0">(DE-588)4062005-0</subfield><subfield code="2">gnd</subfield></datafield><datafield tag="651" ind1=" " ind2="7"><subfield code="a">Pädagogik</subfield><subfield code="0">(DE-Frei129)00757411</subfield><subfield code="2">local</subfield></datafield><datafield tag="689" ind1="0" ind2="0"><subfield code="0">(DE-588)4618066-7</subfield><subfield code="D">s</subfield><subfield code="a">Portfolio / Pädagogik </subfield></datafield><datafield tag="689" ind1="0" ind2="1"><subfield code="A">s</subfield><subfield code="a">Pädagogik </subfield></datafield><datafield tag="689" ind1="0" ind2="2"><subfield code="0">(DE-588)4062005-0</subfield><subfield code="D">s</subfield><subfield code="a">Unterricht</subfield><subfield code="5">DE-101</subfield></datafield><datafield tag="700" ind1="1" ind2=" "><subfield code="0">(DE-588)142943398</subfield><subfield code="0">(DE-Frei129)00812385</subfield><subfield code="a">Eisenbart, Urs</subfield><subfield code="4">aut</subfield></datafield><datafield tag="700" ind1="1" ind2=" "><subfield code="0">(DE-Frei129)00787902</subfield><subfield code="a">Schelbert, Beat</subfield><subfield code="4">aut</subfield></datafield><datafield tag="700" ind1="1" ind2=" "><subfield code="0">(DE-588)14294341X</subfield><subfield code="0">(DE-Frei129)00812386</subfield><subfield code="a">Stokar-Bischofberger, Esther</subfield><subfield code="4">aut</subfield></datafield><datafield tag="852" ind1=" " ind2=" "><subfield code="a">Frei 129</subfield><subfield code="b">PHFR</subfield><subfield code="c">Paed H 670: 14</subfield></datafield><datafield tag="856" ind1="4" ind2=" "><subfield code="8">00</subfield><subfield code="u">http://d-nb.info/1003462588/04</subfield><subfield code="y">Inhaltsverzeichnis</subfield></datafield><datafield tag="980" ind1="0" ind2=" "><subfield code="a">00218357</subfield><subfield code="9">(PHFR)</subfield><subfield code="b">EG-Anbau (32)</subfield><subfield code="c">Paed H 670: 14</subfield><subfield code="d">Standardleihe (01)</subfield><subfield code="e">Verfügbar (X)</subfield></datafield></record>