
<record><leader>04773nam a2200000uu 4500</leader><controlfield tag="001">02335851</controlfield><controlfield tag="003">DE-Frei129</controlfield><controlfield tag="005">20220811084038.0</controlfield><controlfield tag="007">tu</controlfield><controlfield tag="008">110315s2010    ||||||||||||||||||||ger||</controlfield><datafield tag="015" ind1=" " ind2=" "><subfield code="a">10,A49</subfield></datafield><datafield tag="016" ind1="7" ind2=" "><subfield code="a">1002792053</subfield><subfield code="2">DE-101</subfield></datafield><datafield tag="020" ind1=" " ind2=" "><subfield code="a">9783706549752</subfield><subfield code="9">978-3-7065-4975-2</subfield><subfield code="c">kart. : ca. EUR 19.90 (DE), ca. EUR 19.90 (AT)</subfield></datafield><datafield tag="024" ind1="3" ind2=" "><subfield code="a">9783706549752</subfield></datafield><datafield tag="035" ind1=" " ind2=" "><subfield code="a">(DE-576)160867357X</subfield></datafield><datafield tag="041" ind1=" " ind2=" "><subfield code="a">ger</subfield></datafield><datafield tag="044" ind1=" " ind2=" "><subfield code="c">XA-AT</subfield></datafield><datafield tag="100" ind1="1" ind2=" "><subfield code="a">Bailicz, Ilse</subfield><subfield code="0">(DE-Frei129)00465514</subfield></datafield><datafield tag="245" ind1="1" ind2="0"><subfield code="a">Eee-pcschool</subfield><subfield code="b">Netbooks im Volksschulunterricht an der Kirchlichen Pädagogischen Hochschule Wien/Krems, Campus Wien-Strebersdorf; [Netbooks, Einsatz im Unterricht, Projektevalution, Entwicklungstendenzen]</subfield><subfield code="c">[Hrsg.: Bundesministerium für Unterricht, Kunst und Kultur, Präs./IT]. Ilse Bailicz ...</subfield></datafield><datafield tag="260" ind1="3" ind2=" "><subfield code="a">Innsbruck</subfield><subfield code="b">Studienverl.</subfield><subfield code="c">2010</subfield></datafield><datafield tag="300" ind1=" " ind2=" "><subfield code="a">153  Seiten</subfield><subfield code="b">Ill., graph. Darst.</subfield><subfield code="c">24 cm</subfield></datafield><datafield tag="650" ind1=" " ind2="7"><subfield code="a">Grundschulunterricht</subfield><subfield code="0">(DE-Frei129)00010262</subfield><subfield code="0">(DE-588)4022354-1</subfield><subfield code="2">gnd</subfield></datafield><datafield tag="650" ind1=" " ind2="7"><subfield code="a">Netbook-Computer</subfield><subfield code="0">(DE-Frei129)00532613</subfield><subfield code="0">(DE-588)7692203-0</subfield><subfield code="2">gnd</subfield></datafield><datafield tag="650" ind1=" " ind2="7"><subfield code="a">Computerunterstütztes Lernen</subfield><subfield code="0">(DE-Frei129)00028059</subfield><subfield code="0">(DE-588)4225938-1</subfield><subfield code="2">gnd</subfield></datafield><datafield tag="651" ind1=" " ind2="7"><subfield code="a">Österreich</subfield><subfield code="0">(DE-Frei129)00018061</subfield><subfield code="0">(DE-588)4043271-3</subfield><subfield code="2">gnd</subfield></datafield><datafield tag="689" ind1="0" ind2="0"><subfield code="0">(DE-588)4043271-3</subfield><subfield code="D">g</subfield><subfield code="a">Österreich </subfield></datafield><datafield tag="689" ind1="0" ind2="1"><subfield code="0">(DE-588)4022354-1</subfield><subfield code="D">s</subfield><subfield code="a">Grundschulunterricht </subfield></datafield><datafield tag="689" ind1="0" ind2="2"><subfield code="0">(DE-588)7692203-0</subfield><subfield code="D">s</subfield><subfield code="a">Netbook-Computer </subfield></datafield><datafield tag="689" ind1="0" ind2="3"><subfield code="0">(DE-588)4225938-1</subfield><subfield code="D">s</subfield><subfield code="a">Computerunterstütztes Lernen</subfield><subfield code="5">DE-101</subfield></datafield><datafield tag="710" ind1="2" ind2=" "><subfield code="0">(DE-Frei129)00014880</subfield><subfield code="0">(DE-588)10169286-9</subfield><subfield code="a">Österreich</subfield><subfield code="b">Bundesministerium für Unterricht, Kunst und Kultur</subfield><subfield code="4">oth</subfield></datafield><datafield tag="852" ind1=" " ind2=" "><subfield code="a">Frei129</subfield><subfield code="c">Paed M 700: 143</subfield></datafield><datafield tag="856" ind1="4" ind2=" "><subfield code="8">00</subfield><subfield code="u">http://bvbr.bib-bvb.de:8991/F?func=service&amp;doc_library=BVB01&amp;doc_number=020703474&amp;line_number=0001&amp;func_code=DB_RECORDS&amp;service_type=MEDIA</subfield><subfield code="y">Inhaltsverzeichnis</subfield></datafield><datafield tag="980" ind1="0" ind2=" "><subfield code="a">00217829</subfield><subfield code="9">(PHFR)</subfield><subfield code="b">EG-Anbau (32)</subfield><subfield code="c">Paed M 700: 143</subfield><subfield code="d">Standardleihe (01)</subfield><subfield code="e">Verfügbar (X)</subfield></datafield></record>