
<record><leader>05104nam a2200000uuc4500</leader><controlfield tag="001">02335809</controlfield><controlfield tag="003">DE-Frei129</controlfield><controlfield tag="005">20220811084038.0</controlfield><controlfield tag="007">tu</controlfield><controlfield tag="008">110311s2010    ||||||||||||||||||||ger||</controlfield><datafield tag="020" ind1=" " ind2=" "><subfield code="a">9783761413579</subfield><subfield code="9">9783761413579</subfield></datafield><datafield tag="035" ind1=" " ind2=" "><subfield code="a">(DE-576)1408590441</subfield></datafield><datafield tag="041" ind1=" " ind2=" "><subfield code="a">ger</subfield></datafield><datafield tag="100" ind1="1" ind2=" "><subfield code="a">Wiesner, Hartmut</subfield><subfield code="0">(DE-Frei129)00059777</subfield></datafield><datafield tag="245" ind1="1" ind2="0"><subfield code="a">Optik</subfield><subfield code="n">1</subfield><subfield code="p">Lichtquellen, Reflexion / Autoren: Hartmut Wiesner; Peter Engelhardt; Dietmar Herdt. Hrsg.: Gernot Born; Horst Harreis</subfield><subfield code="c">Hrsg.: Gernot Born; Horst Harreis</subfield></datafield><datafield tag="260" ind1="3" ind2=" "><subfield code="a">Köln</subfield><subfield code="b">Aulis-Verlag Deubner</subfield><subfield code="c">2010</subfield></datafield><datafield tag="300" ind1=" " ind2=" "><subfield code="a">72 Seiten</subfield><subfield code="b">Ill.</subfield><subfield code="e">6 Beil.</subfield></datafield><datafield tag="490" ind1="1" ind2=" "><subfield code="a">Unterricht Physik </subfield><subfield code="v">1</subfield></datafield><datafield tag="650" ind1=" " ind2="7"><subfield code="a">Lichtquelle</subfield><subfield code="0">(DE-Frei129)00014953</subfield><subfield code="0">(DE-588)4167595-2</subfield><subfield code="2">gnd</subfield></datafield><datafield tag="650" ind1=" " ind2="7"><subfield code="a">Physikunterricht</subfield><subfield code="0">(DE-Frei129)00019086</subfield><subfield code="0">(DE-588)4045977-9</subfield><subfield code="2">gnd</subfield></datafield><datafield tag="650" ind1=" " ind2="7"><subfield code="a">Schuljahr 7-8</subfield><subfield code="0">(DE-Frei129)00075625</subfield><subfield code="0">(DE-588)4208641-3</subfield><subfield code="2">gnd</subfield></datafield><datafield tag="650" ind1=" " ind2="7"><subfield code="a">Reflexion</subfield><subfield code="x">Physik</subfield><subfield code="0">(DE-Frei129)00047714</subfield><subfield code="0">(DE-588)4177333-0</subfield><subfield code="2">gnd</subfield></datafield><datafield tag="651" ind1=" " ind2="7"><subfield code="a">Physik</subfield><subfield code="0">(DE-Frei129)00757487</subfield><subfield code="2">local</subfield></datafield><datafield tag="689" ind1="0" ind2="0"><subfield code="0">(DE-588)4167595-2</subfield><subfield code="D">s</subfield><subfield code="a">Lichtquelle </subfield></datafield><datafield tag="689" ind1="0" ind2="1"><subfield code="0">(DE-588)4045977-9</subfield><subfield code="D">s</subfield><subfield code="a">Physikunterricht </subfield></datafield><datafield tag="689" ind1="0" ind2="2"><subfield code="0">(DE-588)4208641-3</subfield><subfield code="D">s</subfield><subfield code="a">Schuljahr 7-8</subfield><subfield code="5">DE-101</subfield></datafield><datafield tag="689" ind1="1" ind2="0"><subfield code="0">(DE-588)4177333-0</subfield><subfield code="D">s</subfield><subfield code="a">Reflexion / Physik </subfield></datafield><datafield tag="689" ind1="1" ind2="1"><subfield code="A">s</subfield><subfield code="a">Physik </subfield></datafield><datafield tag="689" ind1="1" ind2="2"><subfield code="0">(DE-588)4045977-9</subfield><subfield code="D">s</subfield><subfield code="a">Physikunterricht </subfield></datafield><datafield tag="689" ind1="1" ind2="3"><subfield code="0">(DE-588)4208641-3</subfield><subfield code="D">s</subfield><subfield code="a">Schuljahr 7-8</subfield><subfield code="5">DE-101</subfield></datafield><datafield tag="700" ind1="1" ind2=" "><subfield code="0">(DE-Frei129)00013930</subfield><subfield code="a">Engelhardt, Peter</subfield><subfield code="4">aut</subfield></datafield><datafield tag="700" ind1="1" ind2=" "><subfield code="0">(DE-588)112249973</subfield><subfield code="0">(DE-Frei129)01207014</subfield><subfield code="a">Herdt, Dietmar</subfield><subfield code="4">aut</subfield></datafield><datafield tag="773" ind1="0" ind2="8"><subfield code="w">(DE-Frei129)00139651</subfield><subfield code="q">11</subfield></datafield><datafield tag="830" ind1=" " ind2="0"><subfield code="a">Unterricht Physik</subfield><subfield code="v">1</subfield><subfield code="w">(DE-Frei129)00139650</subfield><subfield code="9">11</subfield></datafield><datafield tag="852" ind1=" " ind2=" "><subfield code="a">Frei129</subfield><subfield code="c">Phy C 500: 64,1</subfield></datafield><datafield tag="980" ind1="0" ind2=" "><subfield code="a">00015051</subfield><subfield code="9">(PHFR)</subfield><subfield code="b">UG (33)</subfield><subfield code="c">Phy C 500: 64,1</subfield><subfield code="d">Standardleihe (01)</subfield><subfield code="e">Verfügbar (X)</subfield></datafield></record>