
<record><leader>01975nam a2200000uuc4500</leader><controlfield tag="001">02335731</controlfield><controlfield tag="003">DE-Frei129</controlfield><controlfield tag="005">20220811084038.0</controlfield><controlfield tag="007">tu</controlfield><controlfield tag="008">110309s2010    ||||||||||||||||||||ger||</controlfield><datafield tag="020" ind1=" " ind2=" "><subfield code="a">9783464344774</subfield><subfield code="9">9783464344774</subfield></datafield><datafield tag="035" ind1=" " ind2=" "><subfield code="a">(DE-576)1408463725</subfield></datafield><datafield tag="041" ind1=" " ind2=" "><subfield code="a">ger</subfield><subfield code="a">eng</subfield></datafield><datafield tag="245" ind1="1" ind2="0"><subfield code="a">New highlight</subfield><subfield code="n">6, Handreichungen</subfield><subfield code="p">Handreichungen für den Unterricht + Kopiervorlagen</subfield><subfield code="c">hrsg. u. erarb. von Roderick Cox</subfield></datafield><datafield tag="250" ind1=" " ind2=" "><subfield code="a">1. Aufl., 1 Dr.</subfield></datafield><datafield tag="260" ind1="3" ind2=" "><subfield code="a">Berlin</subfield><subfield code="b">Cornelson Scriptor</subfield><subfield code="c">2010</subfield></datafield><datafield tag="300" ind1=" " ind2=" "><subfield code="a">183, 29 Seiten</subfield></datafield><datafield tag="773" ind1="0" ind2="8"><subfield code="w">(DE-Frei129)01110154</subfield><subfield code="q">16HANDREICHUNGEN</subfield></datafield><datafield tag="852" ind1=" " ind2=" "><subfield code="a">Frei 129</subfield><subfield code="b">PHFR</subfield><subfield code="c">HD 220 II C877 L -6</subfield></datafield><datafield tag="980" ind1="0" ind2=" "><subfield code="a">00284334</subfield><subfield code="9">(PHFR)</subfield><subfield code="b">Handbibliothek (50)</subfield><subfield code="c">Fre O 130: 8,6 L</subfield><subfield code="d">Handbibliothek - nie verleihbar (54)</subfield><subfield code="e">Verfügbar (X)</subfield></datafield></record>