
<record><leader>01763nam a2200000uu 4500</leader><controlfield tag="001">02335720</controlfield><controlfield tag="003">DE-Frei129</controlfield><controlfield tag="005">20220811084038.0</controlfield><controlfield tag="007">tu</controlfield><controlfield tag="008">110308s2010    ||||||||||||||||||||eng||</controlfield><datafield tag="020" ind1=" " ind2=" "><subfield code="a">1900702347</subfield><subfield code="9">1-900702-34-7</subfield></datafield><datafield tag="035" ind1=" " ind2=" "><subfield code="a">(DE-576)1608556271</subfield></datafield><datafield tag="041" ind1=" " ind2=" "><subfield code="a">eng</subfield></datafield><datafield tag="100" ind1="1" ind2=" "><subfield code="a">Newbrook, Nigel</subfield><subfield code="0">(DE-Frei129)00808885</subfield></datafield><datafield tag="245" ind1="1" ind2="0"><subfield code="a">English fiction for advanced students</subfield><subfield code="c">Nigel Newbrook</subfield></datafield><datafield tag="260" ind1="3" ind2=" "><subfield code="a">London</subfield><subfield code="b">Scholastic</subfield><subfield code="c">2010</subfield></datafield><datafield tag="300" ind1=" " ind2=" "><subfield code="a">66  Seiten</subfield></datafield><datafield tag="490" ind1="0" ind2=" "><subfield code="a">Timesaver extracts</subfield></datafield><datafield tag="852" ind1=" " ind2=" "><subfield code="a">Frei129</subfield><subfield code="c">Fre N 240: 69</subfield></datafield><datafield tag="980" ind1="0" ind2=" "><subfield code="a">00284338</subfield><subfield code="9">(PHFR)</subfield><subfield code="b">Handbibliothek (50)</subfield><subfield code="c">Fre N 240: 69</subfield><subfield code="d">Handbibliothek - nie verleihbar (54)</subfield><subfield code="e">Verfügbar (X)</subfield></datafield></record>