
<record><leader>03038nam a2200000uuc4500</leader><controlfield tag="001">02335703</controlfield><controlfield tag="003">DE-Frei129</controlfield><controlfield tag="005">20220811084038.0</controlfield><controlfield tag="007">tu</controlfield><controlfield tag="008">110308s2010    ||||||||||||||||||||ger||</controlfield><datafield tag="020" ind1=" " ind2=" "><subfield code="a">9783589231546</subfield><subfield code="9">978-3-589-23154-6</subfield></datafield><datafield tag="035" ind1=" " ind2=" "><subfield code="a">(DE-576)1408433893</subfield></datafield><datafield tag="041" ind1=" " ind2=" "><subfield code="a">ger</subfield></datafield><datafield tag="245" ind1="1" ind2="0"><subfield code="a">Lernen an Stationen in der Sekundarstufe I</subfield><subfield code="b">Kopiervorlagen und Materialien</subfield><subfield code="n">(Engl,tens,scho,1,2010)</subfield><subfield code="p">Englisch tenses: Schottland : 7./9. Schuljahr / Margitta Rouse</subfield></datafield><datafield tag="250" ind1=" " ind2=" "><subfield code="a">Neue Ausg., 1. Aufl.</subfield></datafield><datafield tag="260" ind1="3" ind2=" "><subfield code="a">Berlin</subfield><subfield code="b">Cornelsen Verl. Scriptor</subfield><subfield code="c">2010</subfield></datafield><datafield tag="300" ind1=" " ind2=" "><subfield code="a">48  Seiten</subfield><subfield code="e">1 CD-ROM</subfield></datafield><datafield tag="700" ind1="1" ind2=" "><subfield code="0">(DE-Frei129)00153590</subfield><subfield code="a">Rouse, Margitta</subfield><subfield code="4">aut</subfield></datafield><datafield tag="773" ind1="0" ind2="8"><subfield code="w">(DE-Frei129)00280368</subfield><subfield code="q">ENGLTENSSCHO1142010</subfield></datafield><datafield tag="852" ind1=" " ind2=" "><subfield code="a">Frei129</subfield><subfield code="c">Fre N 810: 71</subfield></datafield><datafield tag="852" ind1=" " ind2=" "><subfield code="a">Frei129</subfield><subfield code="c">Fre N 810: 71 CROM</subfield></datafield><datafield tag="856" ind1="4" ind2=" "><subfield code="8">00</subfield><subfield code="u">http://swbplus.bsz-bw.de/bsz338433899inh.htm</subfield><subfield code="y">Inhaltsverzeichnis</subfield></datafield><datafield tag="856" ind1="4" ind2=" "><subfield code="8">01</subfield><subfield code="u">http://swbplus.bsz-bw.de/bsz338433899cov.htm</subfield><subfield code="y">Cover</subfield></datafield><datafield tag="980" ind1="0" ind2=" "><subfield code="a">00284350</subfield><subfield code="9">(PHFR)</subfield><subfield code="b">Handbibliothek (50)</subfield><subfield code="c">Fre N 810: 71</subfield><subfield code="d">Handbibliothek - nie verleihbar (54)</subfield><subfield code="e">Verfügbar (X)</subfield></datafield><datafield tag="980" ind1="0" ind2=" "><subfield code="a">00284351</subfield><subfield code="9">(PHFR)</subfield><subfield code="b">Handbibliothek (50)</subfield><subfield code="c">Fre N 810: 71 CROM</subfield><subfield code="d">Handbibliothek - nie verleihbar (54)</subfield><subfield code="e">Verfügbar (X)</subfield></datafield></record>