
<record><leader>02132nam a2200000uu 4500</leader><controlfield tag="001">02335676</controlfield><controlfield tag="003">DE-Frei129</controlfield><controlfield tag="005">20220811084038.0</controlfield><controlfield tag="007">tu</controlfield><controlfield tag="008">110307s2010    ||||||||||||||||||||eng||</controlfield><datafield tag="016" ind1="7" ind2=" "><subfield code="a">636044017</subfield><subfield code="2">DE-101</subfield></datafield><datafield tag="020" ind1=" " ind2=" "><subfield code="z">9780764335006</subfield><subfield code="9">9780764335006</subfield></datafield><datafield tag="035" ind1=" " ind2=" "><subfield code="a">(DE-576)636044017</subfield></datafield><datafield tag="041" ind1=" " ind2=" "><subfield code="a">eng</subfield></datafield><datafield tag="044" ind1=" " ind2=" "><subfield code="c">XA-GB</subfield></datafield><datafield tag="245" ind1="1" ind2="0"><subfield code="a">Jeans of the Old West</subfield><subfield code="b">a history</subfield><subfield code="c">Michael Allen Harris</subfield></datafield><datafield tag="260" ind1="3" ind2=" "><subfield code="a">Atglen, Pa.</subfield><subfield code="b">Schiffer</subfield><subfield code="c">2010</subfield></datafield><datafield tag="300" ind1=" " ind2=" "><subfield code="a">191  Seiten</subfield><subfield code="b">zahlr. Ill.</subfield></datafield><datafield tag="500" ind1=" " ind2=" "><subfield code="a">5090:c1zwfh ; IMD-Felder und 1131 maschinell ergänzt</subfield></datafield><datafield tag="700" ind1="1" ind2=" "><subfield code="0">(DE-Frei129)00808882</subfield><subfield code="a">Harris, Michael Allen</subfield><subfield code="4">aut</subfield></datafield><datafield tag="852" ind1=" " ind2=" "><subfield code="a">Frei 129</subfield><subfield code="b">PHFR</subfield><subfield code="c">LC 12610 H315</subfield></datafield><datafield tag="980" ind1="0" ind2=" "><subfield code="a">00232738</subfield><subfield code="9">(PHFR)</subfield><subfield code="b">3.OG (37)</subfield><subfield code="c">LC 12610 H315</subfield><subfield code="d">Standardleihe (01)</subfield><subfield code="e">Verfügbar (X)</subfield></datafield></record>