
<record><leader>02414nam a2200000uu 4500</leader><controlfield tag="001">02335578</controlfield><controlfield tag="003">DE-Frei129</controlfield><controlfield tag="005">20220811084038.0</controlfield><controlfield tag="007">tu</controlfield><controlfield tag="008">110302s2010    ||||||||||||||||||||ger||</controlfield><datafield tag="020" ind1=" " ind2=" "><subfield code="a">9783774260764</subfield><subfield code="9">978-3-7742-6076-4</subfield></datafield><datafield tag="035" ind1=" " ind2=" "><subfield code="a">(DE-576)1608424812</subfield></datafield><datafield tag="041" ind1=" " ind2=" "><subfield code="a">ger</subfield></datafield><datafield tag="245" ind1="1" ind2="4"><subfield code="a">Das grosse GU Kochbuch Kochen für Kinder</subfield><subfield code="b">über 250 neue Gerichte, die Kinder gerne essen; [alles, was Sie über gesunde Ernährung von Babys und Schulkindern wissen müssen]</subfield><subfield code="c">Autorin: Dagmar von Cramm. Rezeptfotos: Michael Brauner</subfield></datafield><datafield tag="250" ind1=" " ind2=" "><subfield code="a">8. Aufl.</subfield></datafield><datafield tag="260" ind1="3" ind2=" "><subfield code="a">München</subfield><subfield code="b">Gräfe und Unzer</subfield><subfield code="c">2010</subfield></datafield><datafield tag="300" ind1=" " ind2=" "><subfield code="a">240  Seiten</subfield><subfield code="b">zahlr. Ill.</subfield></datafield><datafield tag="500" ind1=" " ind2=" "><subfield code="a">IMD-Felder und 1131 maschinell ergänzt</subfield></datafield><datafield tag="700" ind1="1" ind2=" "><subfield code="0">(DE-588)115672788</subfield><subfield code="0">(DE-Frei129)00094104</subfield><subfield code="a">Cramm, Dagmar von</subfield><subfield code="4">aut</subfield></datafield><datafield tag="700" ind1="1" ind2=" "><subfield code="0">(DE-Frei129)00260230</subfield><subfield code="a">Brauner, Michael</subfield><subfield code="4">oth</subfield></datafield><datafield tag="852" ind1=" " ind2=" "><subfield code="a">Frei 129</subfield><subfield code="b">PHFR</subfield><subfield code="c">ZE 77500 C889 (8)</subfield></datafield><datafield tag="980" ind1="0" ind2=" "><subfield code="a">00217562</subfield><subfield code="9">(PHFR)</subfield><subfield code="b">3.OG (37)</subfield><subfield code="c">ZE 77500 C889 (8)</subfield><subfield code="d">Standardleihe (01)</subfield><subfield code="e">Verfügbar (X)</subfield></datafield></record>