
<record><leader>02737nam a2200000uu 4500</leader><controlfield tag="001">02335572</controlfield><controlfield tag="003">DE-Frei129</controlfield><controlfield tag="005">20220811084038.0</controlfield><controlfield tag="007">tu</controlfield><controlfield tag="008">110302s2010    |||||||||m||||||||||ger||</controlfield><datafield tag="015" ind1=" " ind2=" "><subfield code="a">10,A47</subfield></datafield><datafield tag="016" ind1="7" ind2=" "><subfield code="a">1007198206</subfield><subfield code="2">DE-101</subfield></datafield><datafield tag="020" ind1=" " ind2=" "><subfield code="a">9783828824362</subfield><subfield code="9">978-3-8288-2436-2</subfield><subfield code="c">kart. : EUR 24.90 (DE), EUR 24.90 (AT), sfr 38.10 (freier Pr.)</subfield></datafield><datafield tag="024" ind1="3" ind2=" "><subfield code="a">9783828824362</subfield></datafield><datafield tag="035" ind1=" " ind2=" "><subfield code="a">(DE-576)1608419843</subfield></datafield><datafield tag="041" ind1=" " ind2=" "><subfield code="a">ger</subfield></datafield><datafield tag="044" ind1=" " ind2=" "><subfield code="c">XA-DE-HE</subfield></datafield><datafield tag="100" ind1="1" ind2=" "><subfield code="a">Höfer, Sandra</subfield><subfield code="0">(DE-Frei129)00808878</subfield></datafield><datafield tag="245" ind1="1" ind2="0"><subfield code="a">Wie viel Bindung ist nötig?</subfield><subfield code="b">eine kritische Analyse stationärer Hilfen zur Erziehung</subfield><subfield code="c">Sandra Höfer</subfield></datafield><datafield tag="260" ind1="3" ind2=" "><subfield code="a">Marburg</subfield><subfield code="b">Tectum-Verl.</subfield><subfield code="c">2010</subfield></datafield><datafield tag="300" ind1=" " ind2=" "><subfield code="a">173  Seiten</subfield><subfield code="b">graph. Darst.</subfield><subfield code="c">21 cm</subfield></datafield><datafield tag="500" ind1=" " ind2=" "><subfield code="a">5090: ddsu/sred</subfield></datafield><datafield tag="502" ind1=" " ind2=" "><subfield code="a">Zugl.: Jena, Fachhochsch., Diplomarbeit</subfield></datafield><datafield tag="852" ind1=" " ind2=" "><subfield code="a">Frei129</subfield><subfield code="c">Paed U 370: 195</subfield></datafield><datafield tag="856" ind1="4" ind2=" "><subfield code="8">00</subfield><subfield code="u">http://d-nb.info/1007198206/04</subfield><subfield code="y">Inhaltsverzeichnis</subfield></datafield><datafield tag="980" ind1="0" ind2=" "><subfield code="a">00218576</subfield><subfield code="9">(PHFR)</subfield><subfield code="b">EG-Anbau (32)</subfield><subfield code="c">Paed U 370: 195</subfield><subfield code="d">Standardleihe (01)</subfield><subfield code="e">ausgeliehen (A) - Fälligkeitsdatum: 05.09.2022</subfield></datafield></record>