
<record><leader>02605nam a2200000uuc4500</leader><controlfield tag="001">02335439</controlfield><controlfield tag="003">DE-Frei129</controlfield><controlfield tag="005">20220811084038.0</controlfield><controlfield tag="007">tu</controlfield><controlfield tag="008">110301s2010    |||||||||||||||||||||||||</controlfield><datafield tag="020" ind1=" " ind2=" "><subfield code="a">9783061500306</subfield><subfield code="9">9783061500306</subfield></datafield><datafield tag="035" ind1=" " ind2=" "><subfield code="a">(DE-576)1408096331</subfield></datafield><datafield tag="044" ind1=" " ind2=" "><subfield code="c">XA-DE-BE</subfield></datafield><datafield tag="100" ind1="1" ind2=" "><subfield code="a">Bremicker, Monika</subfield><subfield code="0">(DE-Frei129)00808862</subfield></datafield><datafield tag="245" ind1="1" ind2="0"><subfield code="a">Training Englisch</subfield><subfield code="b">Realschule Abschlußprüfung; Baden-Württemberg</subfield><subfield code="n">2011, Arbeitsheft mit Lösungen</subfield><subfield code="c">[Autoren: Monika Bremicker, Beratung: Christian Straukamp]</subfield></datafield><datafield tag="250" ind1=" " ind2=" "><subfield code="a">2. überarb. und aktual. Aufl.</subfield></datafield><datafield tag="260" ind1="3" ind2=" "><subfield code="a">Berlin</subfield><subfield code="b">Cornelsen</subfield><subfield code="c">2010</subfield></datafield><datafield tag="300" ind1=" " ind2=" "><subfield code="a">112 Seiten</subfield><subfield code="e">Lösungen (40 S.); Handreichung für Lehrer</subfield></datafield><datafield tag="773" ind1="0" ind2="8"><subfield code="w">(DE-Frei129)02335098</subfield><subfield code="q">42011ARBEITSHEFT MIT LöSUNGEN</subfield></datafield><datafield tag="852" ind1=" " ind2=" "><subfield code="a">Frei 129</subfield><subfield code="b">PHFR</subfield><subfield code="c">HD 190 B836 AL -2011(2)</subfield></datafield><datafield tag="856" ind1="4" ind2=" "><subfield code="8">00</subfield><subfield code="u">http://swbplus.bsz-bw.de/bsz338096337cov.htm</subfield><subfield code="y">Cover</subfield></datafield><datafield tag="856" ind1="4" ind2=" "><subfield code="8">01</subfield><subfield code="u">http://swbplus.bsz-bw.de/bsz338096337inh.htm</subfield><subfield code="y">Verlagsinformation</subfield></datafield><datafield tag="980" ind1="0" ind2=" "><subfield code="a">00217406</subfield><subfield code="9">(PHFR)</subfield><subfield code="b">2.OG (35)</subfield><subfield code="c">HD 190 B836 AL -2011(2)</subfield><subfield code="d">Standardleihe (01)</subfield><subfield code="e">Verfügbar (X)</subfield></datafield></record>