
<record><leader>03447nam a2200000uu 4500</leader><controlfield tag="001">02335383</controlfield><controlfield tag="003">DE-Frei129</controlfield><controlfield tag="005">20220811084038.0</controlfield><controlfield tag="007">tu</controlfield><controlfield tag="008">101116s2010    ||||||||||||||||||||ger||</controlfield><datafield tag="015" ind1=" " ind2=" "><subfield code="a">10,A47</subfield></datafield><datafield tag="016" ind1="7" ind2=" "><subfield code="a">1008165395</subfield><subfield code="2">DE-101</subfield></datafield><datafield tag="020" ind1=" " ind2=" "><subfield code="a">9783836524827</subfield><subfield code="9">9783836524827</subfield><subfield code="c">Pp. : EUR 9.99</subfield></datafield><datafield tag="024" ind1="3" ind2=" "><subfield code="a">9783836524827</subfield></datafield><datafield tag="035" ind1=" " ind2=" "><subfield code="a">(DE-576)639975194</subfield></datafield><datafield tag="041" ind1=" " ind2=" "><subfield code="a">ger</subfield></datafield><datafield tag="044" ind1=" " ind2=" "><subfield code="c">XA-DE</subfield></datafield><datafield tag="100" ind1="1" ind2=" "><subfield code="a">Dix, Otto</subfield><subfield code="0">(DE-Frei129)00011996</subfield><subfield code="0">(DE-588)118526103</subfield></datafield><datafield tag="245" ind1="1" ind2="0"><subfield code="a">Otto Dix</subfield><subfield code="b">1891 - 1969 ; &quot;entweder ich werde berühmt - oder berüchtigt&quot;</subfield><subfield code="c">Eva Karcher</subfield></datafield><datafield tag="260" ind1="3" ind2=" "><subfield code="a">Köln</subfield><subfield code="b">Taschen</subfield><subfield code="c">2010</subfield></datafield><datafield tag="300" ind1=" " ind2=" "><subfield code="a">216 Seiten</subfield><subfield code="b">überw. Ill.</subfield><subfield code="c">31 cm</subfield></datafield><datafield tag="500" ind1=" " ind2=" "><subfield code="a">Literaturangaben</subfield></datafield><datafield tag="500" ind1=" " ind2=" "><subfield code="a">IMD-Felder maschinell generiert (GBV)</subfield></datafield><datafield tag="500" ind1=" " ind2=" "><subfield code="a">Archivierung prüfen</subfield></datafield><datafield tag="600" ind1="1" ind2="7"><subfield code="0">(DE-Frei129)00011996</subfield><subfield code="0">(DE-588)118526103</subfield><subfield code="a">Dix, Otto</subfield><subfield code="2">gnd</subfield></datafield><datafield tag="689" ind1="0" ind2="0"><subfield code="0">(DE-588)118526103</subfield><subfield code="D">p</subfield><subfield code="a">Dix, Otto</subfield><subfield code="5">DE-101</subfield></datafield><datafield tag="700" ind1="1" ind2=" "><subfield code="0">(DE-588)118146491</subfield><subfield code="0">(DE-Frei129)00267646</subfield><subfield code="a">Karcher, Eva</subfield><subfield code="4">oth</subfield></datafield><datafield tag="852" ind1=" " ind2=" "><subfield code="a">Frei 129</subfield><subfield code="b">PHFR</subfield><subfield code="c">LI 26500 K18</subfield></datafield><datafield tag="856" ind1="4" ind2=" "><subfield code="8">00</subfield><subfield code="u">http://d-nb.info/1008165395/04</subfield><subfield code="y">Inhaltsverzeichnis</subfield></datafield><datafield tag="980" ind1="0" ind2=" "><subfield code="a">00226398</subfield><subfield code="9">(PHFR)</subfield><subfield code="b">2.OG (35)</subfield><subfield code="c">LI 26500 K18</subfield><subfield code="d">Standardleihe (01)</subfield><subfield code="e">Verfügbar (X)</subfield></datafield></record>