
<record><leader>03073nam a2200000uuc4500</leader><controlfield tag="001">02335094</controlfield><controlfield tag="003">DE-Frei129</controlfield><controlfield tag="005">20220811084038.0</controlfield><controlfield tag="007">tu</controlfield><controlfield tag="008">110218s2010    |||||||||||||||||||||||||</controlfield><datafield tag="020" ind1=" " ind2=" "><subfield code="a">9783061500313</subfield><subfield code="9">9783061500313</subfield></datafield><datafield tag="035" ind1=" " ind2=" "><subfield code="a">(DE-576)1407657402</subfield></datafield><datafield tag="044" ind1=" " ind2=" "><subfield code="c">XA-DE-BE</subfield></datafield><datafield tag="100" ind1="1" ind2=" "><subfield code="a">Sieber, Christina</subfield><subfield code="0">(DE-Frei129)00812242</subfield><subfield code="0">(DE-588)141304863</subfield></datafield><datafield tag="245" ind1="1" ind2="0"><subfield code="a">Originalprüfungen Englisch</subfield><subfield code="b">Prüfungsaufgaben mit Lösungen; Realschule; Baden-Württemberg</subfield><subfield code="n">2011</subfield><subfield code="c">[Autoren: Christina Sieber, Steffen Sieber, Beratung: Christian Straukamp]</subfield></datafield><datafield tag="250" ind1=" " ind2=" "><subfield code="a">2. überarb. und aktual. Aufl.</subfield></datafield><datafield tag="260" ind1="3" ind2=" "><subfield code="a">Berlin</subfield><subfield code="b">Cornelsen</subfield><subfield code="c">2010</subfield></datafield><datafield tag="300" ind1=" " ind2=" "><subfield code="a">111 Seiten</subfield></datafield><datafield tag="700" ind1="1" ind2=" "><subfield code="0">(DE-Frei129)00805421</subfield><subfield code="a">Sieber, Steffen</subfield><subfield code="4">aut</subfield></datafield><datafield tag="773" ind1="0" ind2="8"><subfield code="w">(DE-Frei129)02335090</subfield><subfield code="q">42011</subfield></datafield><datafield tag="852" ind1=" " ind2=" "><subfield code="a">Frei 129</subfield><subfield code="b">PHFR</subfield><subfield code="c">HD 190 S571 -2011(2)</subfield></datafield><datafield tag="856" ind1="4" ind2=" "><subfield code="8">00</subfield><subfield code="u">http://swbplus.bsz-bw.de/bsz337657408cov.htm</subfield><subfield code="y">Cover</subfield></datafield><datafield tag="856" ind1="4" ind2=" "><subfield code="8">01</subfield><subfield code="u">http://swbplus.bsz-bw.de/bsz337657408inh.htm</subfield><subfield code="y">Verlagsinformation</subfield></datafield><datafield tag="980" ind1="0" ind2=" "><subfield code="a">00014276</subfield><subfield code="9">(PHFR)</subfield><subfield code="b">2.OG (35)</subfield><subfield code="c">HD 190 S571 -2011(2)</subfield><subfield code="d">Standardleihe (01)</subfield><subfield code="e">Verfügbar (X)</subfield></datafield><datafield tag="980" ind1="0" ind2=" "><subfield code="a">00284467</subfield><subfield code="9">(PHFR)</subfield><subfield code="b">Handbibliothek (50)</subfield><subfield code="c">Fre N 300: 94,2011</subfield><subfield code="d">Handbibliothek - nie verleihbar (54)</subfield><subfield code="e">Verfügbar (X)</subfield></datafield></record>