
<record><leader>06741nam a2200000uu 4500</leader><controlfield tag="001">02334832</controlfield><controlfield tag="003">DE-Frei129</controlfield><controlfield tag="005">20220811084038.0</controlfield><controlfield tag="007">tu</controlfield><controlfield tag="008">100303s2010    ||||||||||||||||||||eng||</controlfield><datafield tag="015" ind1=" " ind2=" "><subfield code="a">11,A04</subfield></datafield><datafield tag="020" ind1=" " ind2=" "><subfield code="a">9781433108303</subfield><subfield code="9">9781433108303</subfield><subfield code="c">GB. : ca. EUR 58.00 (freier Pr.), ca. sfr 86.00 (freier Pr.)</subfield></datafield><datafield tag="020" ind1=" " ind2=" "><subfield code="a">9781433108297</subfield><subfield code="9">9781433108297</subfield><subfield code="c">Pp. : EUR 58.00 (freier Pr.), sfr 86.00 (freier Pr.)</subfield></datafield><datafield tag="024" ind1="3" ind2=" "><subfield code="a">9781433108297</subfield></datafield><datafield tag="035" ind1=" " ind2=" "><subfield code="a">(DE-576)620164921</subfield></datafield><datafield tag="041" ind1=" " ind2=" "><subfield code="a">eng</subfield></datafield><datafield tag="044" ind1=" " ind2=" "><subfield code="c">XD-US</subfield><subfield code="c">XA-CH</subfield><subfield code="c">XA-DE</subfield></datafield><datafield tag="100" ind1="1" ind2=" "><subfield code="a">Malott, Curry</subfield><subfield code="0">(DE-Frei129)00384677</subfield><subfield code="0">(DE-588)123559596</subfield></datafield><datafield tag="245" ind1="1" ind2="0"><subfield code="a">Policy and research in education</subfield><subfield code="b">A critical pedagogy for educational leadership</subfield><subfield code="c">Curry Stephenson Malott</subfield></datafield><datafield tag="260" ind1="3" ind2=" "><subfield code="a">New York [u.a.]</subfield><subfield code="b">Peter Lang</subfield><subfield code="c">2010</subfield></datafield><datafield tag="300" ind1=" " ind2=" "><subfield code="a">203 Seiten</subfield><subfield code="c">230 mm x 160 mm</subfield></datafield><datafield tag="490" ind1="1" ind2=" "><subfield code="a">Education management: contexts, constituents, and communities </subfield><subfield code="v">4</subfield></datafield><datafield tag="500" ind1=" " ind2=" "><subfield code="a">Literaturangaben</subfield></datafield><datafield tag="500" ind1=" " ind2=" "><subfield code="a">IMD-Felder maschinell generiert (GBV)</subfield></datafield><datafield tag="650" ind1=" " ind2="7"><subfield code="a">Führung</subfield><subfield code="0">(DE-Frei129)00008790</subfield><subfield code="0">(DE-588)4018776-7</subfield><subfield code="2">gnd</subfield></datafield><datafield tag="650" ind1=" " ind2="7"><subfield code="a">Lehrer</subfield><subfield code="0">(DE-Frei129)00005864</subfield><subfield code="0">(DE-588)4035088-5</subfield><subfield code="2">gnd</subfield></datafield><datafield tag="650" ind1=" " ind2="7"><subfield code="a">Kritische Pädagogik</subfield><subfield code="0">(DE-Frei129)00050765</subfield><subfield code="0">(DE-588)4137945-7</subfield><subfield code="2">gnd</subfield></datafield><datafield tag="650" ind1=" " ind2="7"><subfield code="a">Pädagogik</subfield><subfield code="0">(DE-Frei129)00007310</subfield><subfield code="0">(DE-588)4044302-4</subfield><subfield code="2">gnd</subfield></datafield><datafield tag="650" ind1=" " ind2="7"><subfield code="a">Bildungspolitik</subfield><subfield code="0">(DE-Frei129)00003912</subfield><subfield code="0">(DE-588)4006667-8</subfield><subfield code="2">gnd</subfield></datafield><datafield tag="650" ind1=" " ind2="7"><subfield code="a">Critical pedagogy</subfield><subfield code="0">(DE-Frei129)00248743</subfield><subfield code="2">local</subfield></datafield><datafield tag="650" ind1=" " ind2="7"><subfield code="a">Education and state</subfield><subfield code="0">(DE-Frei129)00243007</subfield><subfield code="2">local</subfield></datafield><datafield tag="650" ind1=" " ind2="7"><subfield code="a">Educational leadership</subfield><subfield code="0">(DE-Frei129)00242388</subfield><subfield code="2">local</subfield></datafield><datafield tag="689" ind1="0" ind2="0"><subfield code="0">(DE-588)4018776-7</subfield><subfield code="D">s</subfield><subfield code="a">Führung </subfield></datafield><datafield tag="689" ind1="0" ind2="1"><subfield code="0">(DE-588)4035088-5</subfield><subfield code="D">s</subfield><subfield code="a">Lehrer </subfield></datafield><datafield tag="689" ind1="0" ind2="2"><subfield code="0">(DE-588)4137945-7</subfield><subfield code="D">s</subfield><subfield code="a">Kritische Pädagogik</subfield><subfield code="5">DE-101</subfield></datafield><datafield tag="689" ind1="1" ind2="0"><subfield code="0">(DE-588)4044302-4</subfield><subfield code="D">s</subfield><subfield code="a">Pädagogik </subfield></datafield><datafield tag="689" ind1="1" ind2="1"><subfield code="0">(DE-588)4018776-7</subfield><subfield code="D">s</subfield><subfield code="a">Führung </subfield></datafield><datafield tag="689" ind1="1" ind2="2"><subfield code="0">(DE-588)4006667-8</subfield><subfield code="D">s</subfield><subfield code="a">Bildungspolitik</subfield><subfield code="5">DE-101</subfield></datafield><datafield tag="689" ind1="2" ind2="0"><subfield code="A">s</subfield><subfield code="a">Critical pedagogy</subfield><subfield code="5">DE-101</subfield></datafield><datafield tag="689" ind1="3" ind2="0"><subfield code="A">s</subfield><subfield code="a">Education and state</subfield><subfield code="5">DE-101</subfield></datafield><datafield tag="689" ind1="4" ind2="0"><subfield code="A">s</subfield><subfield code="a">Educational leadership</subfield><subfield code="5">DE-101</subfield></datafield><datafield tag="830" ind1=" " ind2="0"><subfield code="a">Education management</subfield><subfield code="v">4</subfield><subfield code="w">(DE-Frei129)16048396</subfield><subfield code="9">14</subfield></datafield><datafield tag="852" ind1=" " ind2=" "><subfield code="a">Frei129</subfield><subfield code="c">Psy G 540: 63</subfield></datafield><datafield tag="856" ind1="4" ind2=" "><subfield code="8">00</subfield><subfield code="u">http://www.gbv.de/dms/bowker/toc/9781433108303.pdf</subfield><subfield code="y">Inhaltsverzeichnis</subfield></datafield><datafield tag="856" ind1="4" ind2=" "><subfield code="8">01</subfield><subfield code="u">http://d-nb.info/1000475220/04</subfield><subfield code="y">Verlagsinformation</subfield></datafield><datafield tag="980" ind1="0" ind2=" "><subfield code="a">00218678</subfield><subfield code="9">(PHFR)</subfield><subfield code="b">EG-Anbau (32)</subfield><subfield code="c">Psy G 540: 63</subfield><subfield code="d">Standardleihe (01)</subfield><subfield code="e">Verfügbar (X)</subfield></datafield></record>