
<record><leader>03792nam a2200000uu 4500</leader><controlfield tag="001">02334830</controlfield><controlfield tag="003">DE-Frei129</controlfield><controlfield tag="005">20220811084038.0</controlfield><controlfield tag="007">tu</controlfield><controlfield tag="008">110211s2010    ||||||||||||||||||||ger||</controlfield><datafield tag="015" ind1=" " ind2=" "><subfield code="a">11,A04</subfield></datafield><datafield tag="016" ind1="7" ind2=" "><subfield code="a">1007291885</subfield><subfield code="2">DE-101</subfield></datafield><datafield tag="020" ind1=" " ind2=" "><subfield code="a">9783905732412</subfield><subfield code="9">9783905732412</subfield><subfield code="c">in Ordner : EUR 33.00, sfr 48.00</subfield></datafield><datafield tag="035" ind1=" " ind2=" "><subfield code="a">(DE-576)1608058700</subfield></datafield><datafield tag="041" ind1=" " ind2=" "><subfield code="a">ger</subfield></datafield><datafield tag="044" ind1=" " ind2=" "><subfield code="c">XA-CH</subfield></datafield><datafield tag="245" ind1="1" ind2="0"><subfield code="a">Phonologische Bewusstheit</subfield><subfield code="b">Sprachförderung im Kindergarten und in der Primarschule</subfield><subfield code="c">Daniela Bühler. [Ill.: Ann-Sabine Künzler]</subfield></datafield><datafield tag="260" ind1="3" ind2=" "><subfield code="a">Winterthur</subfield><subfield code="b">ProKiga-Lehrmittelverl.</subfield><subfield code="c">2010</subfield></datafield><datafield tag="300" ind1=" " ind2=" "><subfield code="a">184  Seiten</subfield><subfield code="b">zahlr. Ill.</subfield><subfield code="c">32 cm</subfield></datafield><datafield tag="500" ind1=" " ind2=" "><subfield code="a">Literaturverz. S. 177-182</subfield></datafield><datafield tag="650" ind1=" " ind2="7"><subfield code="a">Spracherziehung</subfield><subfield code="0">(DE-Frei129)00022830</subfield><subfield code="0">(DE-588)4056459-9</subfield><subfield code="2">gnd</subfield></datafield><datafield tag="650" ind1=" " ind2="7"><subfield code="a">Kindertagesstätte</subfield><subfield code="0">(DE-Frei129)00011424</subfield><subfield code="0">(DE-588)4030638-0</subfield><subfield code="2">gnd</subfield></datafield><datafield tag="650" ind1=" " ind2="7"><subfield code="a">Grundschule</subfield><subfield code="0">(DE-Frei129)00010240</subfield><subfield code="0">(DE-588)4022349-8</subfield><subfield code="2">gnd</subfield></datafield><datafield tag="689" ind1="0" ind2="0"><subfield code="0">(DE-588)4056459-9</subfield><subfield code="D">s</subfield><subfield code="a">Spracherziehung </subfield></datafield><datafield tag="689" ind1="0" ind2="1"><subfield code="0">(DE-588)4030638-0</subfield><subfield code="D">s</subfield><subfield code="a">Kindertagesstätte </subfield></datafield><datafield tag="689" ind1="0" ind2="2"><subfield code="0">(DE-588)4022349-8</subfield><subfield code="D">s</subfield><subfield code="a">Grundschule</subfield><subfield code="5">DE-101</subfield></datafield><datafield tag="700" ind1="1" ind2=" "><subfield code="0">(DE-Frei129)00592254</subfield><subfield code="a">Bühler, Daniela</subfield><subfield code="4">oth</subfield></datafield><datafield tag="700" ind1="1" ind2=" "><subfield code="0">(DE-Frei129)00808992</subfield><subfield code="a">Künzler, Ann-Sabine</subfield><subfield code="4">oth</subfield></datafield><datafield tag="852" ind1=" " ind2=" "><subfield code="a">Frei 129</subfield><subfield code="b">PHFR</subfield><subfield code="c">GB 2984 B928</subfield></datafield><datafield tag="980" ind1="0" ind2=" "><subfield code="a">00218863</subfield><subfield code="9">(PHFR)</subfield><subfield code="b">2.OG (35)</subfield><subfield code="c">GB 2984 B928</subfield><subfield code="d">Standardleihe (01)</subfield><subfield code="e">Verfügbar (X)</subfield></datafield></record>