
<record><leader>01676nam a2200000uu 4500</leader><controlfield tag="001">02334766</controlfield><controlfield tag="003">DE-Frei129</controlfield><controlfield tag="005">20220811084038.0</controlfield><controlfield tag="007">tu</controlfield><controlfield tag="008">110210s2010    |||||||||m||||||||||ger||</controlfield><datafield tag="035" ind1=" " ind2=" "><subfield code="a">(DE-576)1407269437</subfield></datafield><datafield tag="041" ind1=" " ind2=" "><subfield code="a">ger</subfield></datafield><datafield tag="100" ind1="1" ind2=" "><subfield code="a">Arndt, Lea</subfield><subfield code="0">(DE-Frei129)00808838</subfield></datafield><datafield tag="245" ind1="1" ind2="0"><subfield code="a">Aufmerksamkeits- und Hyperaktivitätsprobleme</subfield><subfield code="b">Erprobung eines diagnotischen Screeningverfahrens für Pädagogen</subfield><subfield code="c">Lea Arndt</subfield></datafield><datafield tag="260" ind1="3" ind2=" "><subfield code="c">2010</subfield></datafield><datafield tag="300" ind1=" " ind2=" "><subfield code="a">96  Blatt</subfield></datafield><datafield tag="502" ind1=" " ind2=" "><subfield code="a">Freiburg, Paed. Hochsch., Diplomarb., Sozialpädagogik, 2010</subfield></datafield><datafield tag="852" ind1=" " ind2=" "><subfield code="a">Frei129</subfield><subfield code="c">Dipl 2014</subfield></datafield><datafield tag="980" ind1="0" ind2=" "><subfield code="a">00216789</subfield><subfield code="9">(PHFR)</subfield><subfield code="b">Magazin (20)</subfield><subfield code="c">Dipl 2014</subfield><subfield code="d">Standardleihe, bestellbar (Magazin) (03)</subfield><subfield code="e">Verfügbar (X)</subfield></datafield></record>