
<record><leader>01924nam a2200000uu 4500</leader><controlfield tag="001">02334761</controlfield><controlfield tag="003">DE-Frei129</controlfield><controlfield tag="005">20220811084038.0</controlfield><controlfield tag="007">tu</controlfield><controlfield tag="008">110210s2010    |||||||||m||||||||||ger||</controlfield><datafield tag="035" ind1=" " ind2=" "><subfield code="a">(DE-576)1407266101</subfield></datafield><datafield tag="041" ind1=" " ind2=" "><subfield code="a">ger</subfield></datafield><datafield tag="100" ind1="1" ind2=" "><subfield code="a">Buntenbach, Julia</subfield><subfield code="0">(DE-Frei129)00808836</subfield><subfield code="4">aut</subfield></datafield><datafield tag="245" ind1="1" ind2="4"><subfield code="a">Ein sozialpädagogischer Blick auf die  Kooperation von Schule und Jugendhilfe</subfield><subfield code="b">theoretische Grundlagen und qualitative Befragung zu den Möglichkeiten und Grenzen sozialpädagogischer individueller Förderung in der Ganztagsschule</subfield><subfield code="c">Julia Buntenbach</subfield></datafield><datafield tag="260" ind1="3" ind2=" "><subfield code="c">2010</subfield></datafield><datafield tag="300" ind1=" " ind2=" "><subfield code="a">236  Blatt</subfield><subfield code="e">1 CD-ROM (12 cm)</subfield></datafield><datafield tag="502" ind1=" " ind2=" "><subfield code="a">Freiburg, Paed. Hochsch., Diplomarb., Sozialpädagogik, 2010</subfield></datafield><datafield tag="852" ind1=" " ind2=" "><subfield code="a">Frei 129</subfield><subfield code="b">PHFR</subfield><subfield code="c">Dipl 2016</subfield></datafield><datafield tag="980" ind1="0" ind2=" "><subfield code="a">00216787</subfield><subfield code="9">(PHFR)</subfield><subfield code="b">Magazin (20)</subfield><subfield code="c">Dipl 2016</subfield><subfield code="d">Standardleihe, bestellbar (Magazin) (03)</subfield><subfield code="e">Verfügbar (X)</subfield></datafield></record>