
<record><leader>02283nam a2200000uu 4500</leader><controlfield tag="001">02334699</controlfield><controlfield tag="003">DE-Frei129</controlfield><controlfield tag="005">20220811084038.0</controlfield><controlfield tag="007">tu</controlfield><controlfield tag="008">110209s2010    ||||||||||||||||||||eng||</controlfield><datafield tag="020" ind1=" " ind2=" "><subfield code="a">9781597071925</subfield><subfield code="9">978-1-59707-192-5</subfield></datafield><datafield tag="035" ind1=" " ind2=" "><subfield code="a">(DE-576)1407210548</subfield></datafield><datafield tag="041" ind1=" " ind2=" "><subfield code="a">eng</subfield></datafield><datafield tag="245" ind1="1" ind2="4"><subfield code="a">The jungle</subfield><subfield code="c">Upton Sinclair. Adapted by Peter Kuper</subfield></datafield><datafield tag="260" ind1="3" ind2=" "><subfield code="a">New York</subfield><subfield code="b">Papercutz</subfield><subfield code="c">2010</subfield></datafield><datafield tag="300" ind1=" " ind2=" "><subfield code="b">überwiegend Ill.</subfield></datafield><datafield tag="490" ind1="1" ind2=" "><subfield code="a">Classics illustrated</subfield><subfield code="v">9</subfield></datafield><datafield tag="700" ind1="1" ind2=" "><subfield code="0">(DE-588)118797395</subfield><subfield code="0">(DE-Frei129)00052203</subfield><subfield code="a">Sinclair, Upton</subfield><subfield code="4">oth</subfield></datafield><datafield tag="700" ind1="1" ind2=" "><subfield code="0">(DE-Frei129)00785968</subfield><subfield code="a">Kuper, Peter</subfield><subfield code="4">oth</subfield></datafield><datafield tag="830" ind1=" " ind2="0"><subfield code="a">Classics illustrated</subfield><subfield code="v">9</subfield><subfield code="w">(DE-Frei129)02263247</subfield><subfield code="9">19</subfield></datafield><datafield tag="852" ind1=" " ind2=" "><subfield code="a">Frei 129</subfield><subfield code="b">PHFR</subfield><subfield code="c">ED 4120 S616</subfield></datafield><datafield tag="980" ind1="0" ind2=" "><subfield code="a">00214784</subfield><subfield code="9">(PHFR)</subfield><subfield code="b">2.OG (35)</subfield><subfield code="c">ED 4120 S616</subfield><subfield code="d">Standardleihe (01)</subfield><subfield code="e">Verfügbar (X)</subfield></datafield></record>