
<record><leader>03836nam a2200000uu 4500</leader><controlfield tag="001">02334648</controlfield><controlfield tag="003">DE-Frei129</controlfield><controlfield tag="005">20220811084039.0</controlfield><controlfield tag="007">tu</controlfield><controlfield tag="008">110207s2010    ||||||||||||||||||||eng||</controlfield><datafield tag="015" ind1=" " ind2=" "><subfield code="a">11,N01</subfield></datafield><datafield tag="016" ind1="7" ind2=" "><subfield code="a">100913292X</subfield><subfield code="2">DE-101</subfield></datafield><datafield tag="020" ind1=" " ind2=" "><subfield code="a">9783863067007</subfield><subfield code="9">9783863067007</subfield><subfield code="c">Pb. : EUR 49.90 (DE)</subfield></datafield><datafield tag="024" ind1="3" ind2=" "><subfield code="a">9783863067007</subfield></datafield><datafield tag="035" ind1=" " ind2=" "><subfield code="a">(DE-576)1607922908</subfield></datafield><datafield tag="041" ind1=" " ind2=" "><subfield code="a">eng</subfield></datafield><datafield tag="044" ind1=" " ind2=" "><subfield code="c">XA-DE-BY</subfield></datafield><datafield tag="100" ind1="1" ind2=" "><subfield code="a">Pătruţ, Monica</subfield><subfield code="0">(DE-Frei129)00812418</subfield><subfield code="0">(DE-588)143176471</subfield></datafield><datafield tag="245" ind1="1" ind2="0"><subfield code="a">Educational PowerPoint presentations</subfield><subfield code="b">custom animations, VBA Programming, Ms Agent, and Lego mindstorms</subfield><subfield code="c">Monica Patrut; Bogdan Patrut</subfield></datafield><datafield tag="260" ind1="3" ind2=" "><subfield code="a">München</subfield><subfield code="b">Akademische Verlagsgemeinschaft München</subfield><subfield code="c">2010</subfield></datafield><datafield tag="300" ind1=" " ind2=" "><subfield code="a">162 Seiten</subfield><subfield code="c">210 mm x 147 mm</subfield></datafield><datafield tag="650" ind1=" " ind2="7"><subfield code="a">PowerPoint</subfield><subfield code="0">(DE-Frei129)00080618</subfield><subfield code="0">(DE-588)4253648-0</subfield><subfield code="2">gnd</subfield></datafield><datafield tag="650" ind1=" " ind2="7"><subfield code="a">VisualBASIC für Applikationen</subfield><subfield code="0">(DE-Frei129)00093195</subfield><subfield code="0">(DE-588)4341325-0</subfield><subfield code="2">gnd</subfield></datafield><datafield tag="689" ind1="0" ind2="0"><subfield code="0">(DE-588)4253648-0</subfield><subfield code="D">s</subfield><subfield code="a">PowerPoint </subfield></datafield><datafield tag="689" ind1="0" ind2="1"><subfield code="0">(DE-588)4341325-0</subfield><subfield code="D">s</subfield><subfield code="a">VisualBASIC für Applikationen</subfield><subfield code="5">DE-101</subfield></datafield><datafield tag="700" ind1="1" ind2=" "><subfield code="0">(DE-588)143045180</subfield><subfield code="0">(DE-Frei129)00812400</subfield><subfield code="a">Pătruț, Bogdan</subfield><subfield code="4">aut</subfield></datafield><datafield tag="852" ind1=" " ind2=" "><subfield code="a">Frei129</subfield><subfield code="c">EDV K 350: 16</subfield></datafield><datafield tag="856" ind1="4" ind2=" "><subfield code="8">00</subfield><subfield code="u">http://deposit.d-nb.de/cgi-bin/dokserv?id=3639859&amp;prov=M&amp;dok_var=1&amp;dok_ext=htm</subfield><subfield code="y">Inhaltstext</subfield></datafield><datafield tag="856" ind1="4" ind2=" "><subfield code="8">01</subfield><subfield code="u">http://d-nb.info/100913292X/04</subfield><subfield code="y">Verlagsinformation</subfield></datafield><datafield tag="980" ind1="0" ind2=" "><subfield code="a">00216969</subfield><subfield code="9">(PHFR)</subfield><subfield code="b">UG (33)</subfield><subfield code="c">EDV K 350: 16</subfield><subfield code="d">Standardleihe (01)</subfield><subfield code="e">Verfügbar (X)</subfield></datafield></record>