
<record><leader>01683nam a2200000uu 4500</leader><controlfield tag="001">02334644</controlfield><controlfield tag="003">DE-Frei129</controlfield><controlfield tag="005">20220811084039.0</controlfield><controlfield tag="007">tu</controlfield><controlfield tag="008">110207s2010    |||||||||m||||||||||ger||</controlfield><datafield tag="035" ind1=" " ind2=" "><subfield code="a">(DE-576)1407110853</subfield></datafield><datafield tag="041" ind1=" " ind2=" "><subfield code="a">ger</subfield></datafield><datafield tag="100" ind1="1" ind2=" "><subfield code="a">Retterath-Knorr, Lisa</subfield><subfield code="0">(DE-Frei129)00808821</subfield></datafield><datafield tag="245" ind1="1" ind2="0"><subfield code="a">Vom Team zum Netz? Oder: zwischen Heimatlosigkeit und Zugehörigkeit.</subfield><subfield code="b">eine qualitative Studie</subfield><subfield code="c">Lisa Retterath-Knorr</subfield></datafield><datafield tag="260" ind1="3" ind2=" "><subfield code="c">2010</subfield></datafield><datafield tag="300" ind1=" " ind2=" "><subfield code="a">148  Blatt</subfield></datafield><datafield tag="502" ind1=" " ind2=" "><subfield code="a">Freiburg, Paed. Hochsch., Diplomarb., Erwachsenenbildung, 2010</subfield></datafield><datafield tag="852" ind1=" " ind2=" "><subfield code="a">Frei129</subfield><subfield code="c">Dipl 2020</subfield></datafield><datafield tag="980" ind1="0" ind2=" "><subfield code="a">00216842</subfield><subfield code="9">(PHFR)</subfield><subfield code="b">Magazin (20)</subfield><subfield code="c">Dipl 2020</subfield><subfield code="d">Standardleihe, bestellbar (Magazin) (03)</subfield><subfield code="e">Verfügbar (X)</subfield></datafield></record>