
<record><leader>03368nam a2200000uuc4500</leader><controlfield tag="001">02334338</controlfield><controlfield tag="003">DE-Frei129</controlfield><controlfield tag="005">20220811084039.0</controlfield><controlfield tag="007">tu</controlfield><controlfield tag="008">110202s2010    ||||||||||||||||||||ger||</controlfield><datafield tag="020" ind1=" " ind2=" "><subfield code="a">9783150184691</subfield><subfield code="9">9783150184691</subfield><subfield code="c">kart. : EUR 4.40</subfield></datafield><datafield tag="024" ind1="3" ind2=" "><subfield code="a">9783150184691</subfield></datafield><datafield tag="035" ind1=" " ind2=" "><subfield code="a">(DE-576)1406901997</subfield></datafield><datafield tag="041" ind1=" " ind2=" "><subfield code="a">ger</subfield></datafield><datafield tag="044" ind1=" " ind2=" "><subfield code="c">XA-DE-BW</subfield></datafield><datafield tag="100" ind1="1" ind2=" "><subfield code="a">Detel, Wolfgang</subfield><subfield code="0">(DE-Frei129)00011496</subfield><subfield code="0">(DE-588)108078426</subfield></datafield><datafield tag="245" ind1="1" ind2="0"><subfield code="a">Grundkurs Philosophie</subfield><subfield code="n">2</subfield><subfield code="p">Metaphysik und Naturphilosophie / von Wolfgang Detel</subfield></datafield><datafield tag="250" ind1=" " ind2=" "><subfield code="a">Durchges. Ausg. 2008, [Nachdr.]</subfield></datafield><datafield tag="260" ind1="3" ind2=" "><subfield code="a">Stuttgart</subfield><subfield code="b">Reclam</subfield><subfield code="c">2010</subfield></datafield><datafield tag="300" ind1=" " ind2=" "><subfield code="a">152 Seiten</subfield></datafield><datafield tag="490" ind1="0" ind2=" "><subfield code="a">Reclams Universalbibliothek </subfield><subfield code="v">Nr. 18469</subfield></datafield><datafield tag="500" ind1=" " ind2=" "><subfield code="a">Archivierung/Langzeitarchivierung gewährleistet</subfield></datafield><datafield tag="650" ind1=" " ind2="7"><subfield code="a">Metaphysik</subfield><subfield code="0">(DE-Frei129)00016482</subfield><subfield code="0">(DE-588)4038936-4</subfield><subfield code="2">gnd</subfield></datafield><datafield tag="650" ind1=" " ind2="7"><subfield code="a">Naturphilosophie</subfield><subfield code="0">(DE-Frei129)00017379</subfield><subfield code="0">(DE-588)4041408-5</subfield><subfield code="2">gnd</subfield></datafield><datafield tag="689" ind1="0" ind2="0"><subfield code="0">(DE-588)4038936-4</subfield><subfield code="D">s</subfield><subfield code="a">Metaphysik</subfield><subfield code="5">DE-101</subfield></datafield><datafield tag="689" ind1="1" ind2="0"><subfield code="0">(DE-588)4041408-5</subfield><subfield code="D">s</subfield><subfield code="a">Naturphilosophie</subfield><subfield code="5">DE-101</subfield></datafield><datafield tag="773" ind1="0" ind2="8"><subfield code="w">(DE-Frei129)00286016</subfield><subfield code="q">1242010</subfield></datafield><datafield tag="852" ind1=" " ind2=" "><subfield code="a">Frei129</subfield><subfield code="c">Phil A 5: 9 ,2 a</subfield></datafield><datafield tag="980" ind1="0" ind2=" "><subfield code="a">00218385</subfield><subfield code="9">(PHFR)</subfield><subfield code="b">EG-Anbau (32)</subfield><subfield code="c">Phil A 5: 9 ,2 a</subfield><subfield code="d">Standardleihe (01)</subfield><subfield code="e">Verfügbar (X)</subfield></datafield></record>