
<record><leader>02990nam a2200000uu 4500</leader><controlfield tag="001">02334319</controlfield><controlfield tag="003">DE-Frei129</controlfield><controlfield tag="005">20220811084039.0</controlfield><controlfield tag="007">tu</controlfield><controlfield tag="008">110201s2010    ||||||||||||||||||||ger||</controlfield><datafield tag="015" ind1=" " ind2=" "><subfield code="a">09,N22,2388</subfield></datafield><datafield tag="016" ind1="7" ind2=" "><subfield code="a">994070179</subfield><subfield code="2">DE-101</subfield></datafield><datafield tag="020" ind1=" " ind2=" "><subfield code="a">9783772517013</subfield><subfield code="9">9783772517013</subfield><subfield code="c">GB. : ca. EUR 18.90, ca. EUR 19.50 (AT), ca. sfr 32.90 (freier Pr.)</subfield></datafield><datafield tag="024" ind1="3" ind2=" "><subfield code="a">9783772517013</subfield></datafield><datafield tag="035" ind1=" " ind2=" "><subfield code="a">(DE-576)600199282</subfield></datafield><datafield tag="041" ind1=" " ind2=" "><subfield code="a">ger</subfield></datafield><datafield tag="044" ind1=" " ind2=" "><subfield code="c">XA-DE-BW</subfield></datafield><datafield tag="100" ind1="1" ind2=" "><subfield code="a">Husemann, Armin Johannes</subfield><subfield code="0">(DE-Frei129)00303355</subfield><subfield code="0">(DE-588)109696492</subfield></datafield><datafield tag="245" ind1="1" ind2="4"><subfield code="a">Der hörende Mensch und die Wirklichkeit der Musik</subfield><subfield code="c">Armin J. Husemann</subfield></datafield><datafield tag="250" ind1=" " ind2=" "><subfield code="a">1., Auflage</subfield></datafield><datafield tag="260" ind1="3" ind2=" "><subfield code="a">Stuttgart</subfield><subfield code="b">Verlag Freies Geistesleben</subfield><subfield code="c">2010</subfield></datafield><datafield tag="300" ind1=" " ind2=" "><subfield code="a">138 Seiten</subfield><subfield code="b">Ill., graph. Darst., Notenbeisp.</subfield></datafield><datafield tag="490" ind1="0" ind2=" "><subfield code="a">Studien zur Physiologie des Menschen / Armin J. Husemann</subfield></datafield><datafield tag="500" ind1=" " ind2=" "><subfield code="a">IMD-Felder maschinell generiert (GBV)</subfield></datafield><datafield tag="500" ind1=" " ind2=" "><subfield code="a">Archivierung/Langzeitarchivierung gewährleistet</subfield></datafield><datafield tag="852" ind1=" " ind2=" "><subfield code="a">Frei 129</subfield><subfield code="b">PHFR</subfield><subfield code="c">LR 57650 H969</subfield></datafield><datafield tag="856" ind1="4" ind2=" "><subfield code="8">00</subfield><subfield code="u">http://d-nb.info/994070179/04</subfield><subfield code="y">Inhaltsverzeichnis</subfield></datafield><datafield tag="980" ind1="0" ind2=" "><subfield code="a">00218816</subfield><subfield code="9">(PHFR)</subfield><subfield code="b">3.OG (37)</subfield><subfield code="c">LR 57650 H969</subfield><subfield code="d">Standardleihe (01)</subfield><subfield code="e">Verfügbar (X)</subfield></datafield></record>