
<record><leader>04944nam a2200000uu 4500</leader><controlfield tag="001">02334302</controlfield><controlfield tag="003">DE-Frei129</controlfield><controlfield tag="005">20220811084039.0</controlfield><controlfield tag="007">tu</controlfield><controlfield tag="008">110223s2010    ||||||||||||||||||||ger||</controlfield><datafield tag="015" ind1=" " ind2=" "><subfield code="a">11,A08</subfield></datafield><datafield tag="016" ind1="7" ind2=" "><subfield code="a">100976179X</subfield><subfield code="2">DE-101</subfield></datafield><datafield tag="020" ind1=" " ind2=" "><subfield code="a">9783608890815</subfield><subfield code="9">9783608890815</subfield><subfield code="c">Pb. : EUR 34.90</subfield></datafield><datafield tag="024" ind1="3" ind2=" "><subfield code="a">9783608890815</subfield></datafield><datafield tag="035" ind1=" " ind2=" "><subfield code="a">(DE-576)647279606</subfield></datafield><datafield tag="041" ind1=" " ind2=" "><subfield code="a">ger</subfield></datafield><datafield tag="044" ind1=" " ind2=" "><subfield code="c">XA-DE</subfield><subfield code="c">XA-DE-BW</subfield></datafield><datafield tag="100" ind1="1" ind2=" "><subfield code="a">Hammel, Stefan</subfield><subfield code="0">(DE-Frei129)00484859</subfield><subfield code="0">(DE-588)136635024</subfield></datafield><datafield tag="245" ind1="1" ind2="0"><subfield code="a">Handbuch des therapeutischen Erzählens</subfield><subfield code="b">Geschichten und Metaphern in Psychotherapie, Kinder- und Familientherapie, Heilkunde, Coaching und Supervision</subfield><subfield code="c">Stefan Hammel</subfield></datafield><datafield tag="250" ind1=" " ind2=" "><subfield code="a">2., durchges. Aufl.</subfield></datafield><datafield tag="260" ind1="3" ind2=" "><subfield code="a">Stuttgart</subfield><subfield code="b">Klett-Cotta</subfield><subfield code="c">2010</subfield></datafield><datafield tag="300" ind1=" " ind2=" "><subfield code="a">367 Seiten</subfield><subfield code="b">Ill.</subfield><subfield code="c">21 cm</subfield></datafield><datafield tag="490" ind1="1" ind2=" "><subfield code="a">Leben lernen </subfield><subfield code="v">221</subfield></datafield><datafield tag="500" ind1=" " ind2=" "><subfield code="a">Literaturverz. S. 365 - 367</subfield></datafield><datafield tag="500" ind1=" " ind2=" "><subfield code="a">IMD-Felder maschinell generiert (GBV)</subfield></datafield><datafield tag="500" ind1=" " ind2=" "><subfield code="a">Archivierung/Langzeitarchivierung gewährleistet</subfield></datafield><datafield tag="650" ind1=" " ind2="7"><subfield code="a">Erzählen</subfield><subfield code="0">(DE-Frei129)00047060</subfield><subfield code="0">(DE-588)4132307-5</subfield><subfield code="2">gnd</subfield></datafield><datafield tag="650" ind1=" " ind2="7"><subfield code="a">Psychotherapie</subfield><subfield code="0">(DE-Frei129)00003972</subfield><subfield code="0">(DE-588)4047746-0</subfield><subfield code="2">gnd</subfield></datafield><datafield tag="689" ind1="0" ind2="0"><subfield code="0">(DE-588)4132307-5</subfield><subfield code="D">s</subfield><subfield code="a">Erzählen </subfield></datafield><datafield tag="689" ind1="0" ind2="1"><subfield code="0">(DE-588)4047746-0</subfield><subfield code="D">s</subfield><subfield code="a">Psychotherapie</subfield><subfield code="5">DE-101</subfield></datafield><datafield tag="776" ind1="0" ind2="8"><subfield code="a">Stefan Hammel</subfield><subfield code="i">Erscheint auch als Online-Ausgabe</subfield><subfield code="t">Handbuch des therapeutischen Erzählens</subfield><subfield code="w">(DE-Frei129)59073863</subfield><subfield code="w">(DE-576)774586109</subfield></datafield><datafield tag="830" ind1=" " ind2="0"><subfield code="a">Leben lernen</subfield><subfield code="v">221</subfield><subfield code="w">(DE-Frei129)00011775</subfield><subfield code="9">3221</subfield></datafield><datafield tag="852" ind1=" " ind2=" "><subfield code="a">Frei129</subfield><subfield code="c">Psy L 280: 198</subfield></datafield><datafield tag="856" ind1="4" ind2=" "><subfield code="8">00</subfield><subfield code="u">http://d-nb.info/100976179X/04</subfield><subfield code="y">Kurzbeschreibung des Verlags</subfield></datafield><datafield tag="856" ind1="4" ind2=" "><subfield code="8">01</subfield><subfield code="u">http://www.socialnet.de/rezensionen/isbn.php?isbn=978-3-608-89081-5</subfield><subfield code="y">Rezension</subfield></datafield><datafield tag="856" ind1="4" ind2=" "><subfield code="8">02</subfield><subfield code="u">http://swbplus.bsz-bw.de/bsz336851294cov.htm</subfield><subfield code="y">Verlagsinformation</subfield></datafield><datafield tag="980" ind1="0" ind2=" "><subfield code="a">00219100</subfield><subfield code="9">(PHFR)</subfield><subfield code="b">EG-Anbau (32)</subfield><subfield code="c">Psy L 280: 198</subfield><subfield code="d">Standardleihe (01)</subfield><subfield code="e">Verfügbar (X)</subfield></datafield></record>