
<record><leader>04821nam a2200000uu 4500</leader><controlfield tag="001">02334185</controlfield><controlfield tag="003">DE-Frei129</controlfield><controlfield tag="005">20220811084039.0</controlfield><controlfield tag="007">tu</controlfield><controlfield tag="008">110127s2010    |||||||||m||||||||||ger||</controlfield><datafield tag="015" ind1=" " ind2=" "><subfield code="a">11,A01</subfield></datafield><datafield tag="016" ind1="7" ind2=" "><subfield code="a">1008262854</subfield><subfield code="2">DE-101</subfield></datafield><datafield tag="020" ind1=" " ind2=" "><subfield code="a">9783869555188</subfield><subfield code="9">978-3-86955-518-8</subfield><subfield code="c">kart. : EUR 36.05 (DE)</subfield></datafield><datafield tag="024" ind1="3" ind2=" "><subfield code="a">9783869555188</subfield></datafield><datafield tag="035" ind1=" " ind2=" "><subfield code="a">(DE-576)1607635100</subfield></datafield><datafield tag="041" ind1=" " ind2=" "><subfield code="a">ger</subfield></datafield><datafield tag="044" ind1=" " ind2=" "><subfield code="c">XA-DE-NI</subfield></datafield><datafield tag="245" ind1="1" ind2="0"><subfield code="a">Aufmerksamkeitsfunktionen und ihre Entwicklung bei Vorschul- und Grundschulkindern</subfield><subfield code="b">eine kulturvergleichende Studie zur Erfassung von neuropsychologischen Funktionen der Aufmerksamkeit bei einer Stichprobe von Kindern in Damaskus (Syrien) und Aachen (Deutschland)</subfield><subfield code="c">vorgelegt von Jamal Sobeh</subfield></datafield><datafield tag="250" ind1=" " ind2=" "><subfield code="a">1. Aufl.</subfield></datafield><datafield tag="260" ind1="3" ind2=" "><subfield code="a">Göttingen</subfield><subfield code="b">Cuvillier</subfield><subfield code="c">2010 2010</subfield></datafield><datafield tag="300" ind1=" " ind2=" "><subfield code="a">X, 203, [21]  Seiten</subfield><subfield code="b">graph. Darst.</subfield><subfield code="c">21 cm</subfield></datafield><datafield tag="502" ind1=" " ind2=" "><subfield code="a">Zugl.: Aachen, Techn. Hochsch., Diss., 2010</subfield></datafield><datafield tag="610" ind1="1" ind2="7"><subfield code="a">Damaskus</subfield><subfield code="0">(DE-Frei129)00005309</subfield><subfield code="0">(DE-588)4010956-2</subfield><subfield code="2">gnd</subfield></datafield><datafield tag="610" ind1="1" ind2="7"><subfield code="a">Aachen</subfield><subfield code="0">(DE-Frei129)00000493</subfield><subfield code="0">(DE-588)4000003-5</subfield><subfield code="2">gnd</subfield></datafield><datafield tag="650" ind1=" " ind2="7"><subfield code="a">Aufmerksamkeitsdefizit-Syndrom</subfield><subfield code="0">(DE-Frei129)00103915</subfield><subfield code="0">(DE-588)4525885-5</subfield><subfield code="2">gnd</subfield></datafield><datafield tag="650" ind1=" " ind2="7"><subfield code="a">Kulturvergleich</subfield><subfield code="0">(DE-Frei129)00036599</subfield><subfield code="0">(DE-588)4114328-0</subfield><subfield code="2">gnd</subfield></datafield><datafield tag="689" ind1="0" ind2="0"><subfield code="0">(DE-588)4010956-2</subfield><subfield code="D">g</subfield><subfield code="a">Damaskus </subfield></datafield><datafield tag="689" ind1="0" ind2="1"><subfield code="0">(DE-588)4000003-5</subfield><subfield code="D">g</subfield><subfield code="a">Aachen </subfield></datafield><datafield tag="689" ind1="0" ind2="2"><subfield code="0">(DE-588)4525885-5</subfield><subfield code="D">s</subfield><subfield code="a">Aufmerksamkeitsdefizit-Syndrom </subfield></datafield><datafield tag="689" ind1="0" ind2="3"><subfield code="0">(DE-588)4114328-0</subfield><subfield code="D">s</subfield><subfield code="a">Kulturvergleich</subfield><subfield code="5">DE-101</subfield></datafield><datafield tag="700" ind1="1" ind2=" "><subfield code="0">(DE-588)14269942X</subfield><subfield code="0">(DE-Frei129)00812358</subfield><subfield code="a">Sobeh, Jamal</subfield><subfield code="4">aut</subfield></datafield><datafield tag="852" ind1=" " ind2=" "><subfield code="a">Frei129</subfield><subfield code="c">Psy K 320: 247</subfield></datafield><datafield tag="856" ind1="4" ind2=" "><subfield code="8">00</subfield><subfield code="u">http://deposit.d-nb.de/cgi-bin/dokserv?id=3564013&amp;prov=M&amp;dok_var=1&amp;dok_ext=htm</subfield><subfield code="y">Inhaltstext</subfield></datafield><datafield tag="856" ind1="4" ind2=" "><subfield code="8">01</subfield><subfield code="u">http://d-nb.info/1008262854/04</subfield><subfield code="y">Inhaltsverzeichnis</subfield></datafield><datafield tag="980" ind1="0" ind2=" "><subfield code="a">00218659</subfield><subfield code="9">(PHFR)</subfield><subfield code="b">EG-Anbau (32)</subfield><subfield code="c">Psy K 320: 247</subfield><subfield code="d">Standardleihe (01)</subfield><subfield code="e">Verfügbar (X)</subfield></datafield></record>