
<record><leader>04807nam a2200000uu 4500</leader><controlfield tag="001">02333848</controlfield><controlfield tag="003">DE-Frei129</controlfield><controlfield tag="005">20220811084039.0</controlfield><controlfield tag="007">tu</controlfield><controlfield tag="008">110125s2010    ||||||||||||||||||||ger||</controlfield><datafield tag="015" ind1=" " ind2=" "><subfield code="a">10,A44</subfield></datafield><datafield tag="016" ind1="7" ind2=" "><subfield code="a">1000309150</subfield><subfield code="2">DE-101</subfield></datafield><datafield tag="020" ind1=" " ind2=" "><subfield code="a">9783867232098</subfield><subfield code="9">978-3-86723-209-8</subfield><subfield code="c">kart. : EUR 26.40 (DE), EUR 27.20 (AT), sfr 44.80 (freier Pr.)</subfield></datafield><datafield tag="024" ind1="3" ind2=" "><subfield code="a">9783867232098</subfield></datafield><datafield tag="024" ind1="8" ind2=" "><subfield code="a">58050</subfield></datafield><datafield tag="035" ind1=" " ind2=" "><subfield code="a">(DE-576)619696915</subfield></datafield><datafield tag="041" ind1=" " ind2=" "><subfield code="a">ger</subfield></datafield><datafield tag="044" ind1=" " ind2=" "><subfield code="c">XA-CH</subfield></datafield><datafield tag="245" ind1="1" ind2="0"><subfield code="a">Praxisbuch Kunst im Kindergarten</subfield><subfield code="b">kleine Künstler - große Wirkung; kreative Ideen für das künstlerische Gestalten; Farbenlehre verstehen und anwenden; Experimentieren mit Farben, Materialien und Techniken</subfield><subfield code="c">Kira Wagner. Ill.: Melanie Woicke. Fotos: Kira Wagner</subfield></datafield><datafield tag="250" ind1=" " ind2=" "><subfield code="a">1. Aufl.</subfield></datafield><datafield tag="260" ind1="3" ind2=" "><subfield code="a">Schaffhausen</subfield><subfield code="b">SCHUBI</subfield><subfield code="c">2010 2010</subfield></datafield><datafield tag="300" ind1=" " ind2=" "><subfield code="a">131  Seiten</subfield><subfield code="b">zahlr. Ill.</subfield><subfield code="c">30 cm, 587 gr.</subfield></datafield><datafield tag="650" ind1=" " ind2="7"><subfield code="a">Bildnerisches Gestalten</subfield><subfield code="0">(DE-Frei129)00003857</subfield><subfield code="0">(DE-588)4006626-5</subfield><subfield code="2">gnd</subfield></datafield><datafield tag="650" ind1=" " ind2="7"><subfield code="a">Kreativitätserziehung</subfield><subfield code="0">(DE-Frei129)00061464</subfield><subfield code="0">(DE-588)4165554-0</subfield><subfield code="2">gnd</subfield></datafield><datafield tag="650" ind1=" " ind2="7"><subfield code="a">Kindertagesstätte</subfield><subfield code="0">(DE-Frei129)00011424</subfield><subfield code="0">(DE-588)4030638-0</subfield><subfield code="2">gnd</subfield></datafield><datafield tag="655" ind1=" " ind2="7"><subfield code="a">Beispielsammlung</subfield><subfield code="0">(DE-Frei129)00000034</subfield><subfield code="2">local</subfield></datafield><datafield tag="689" ind1="0" ind2="0"><subfield code="0">(DE-588)4006626-5</subfield><subfield code="D">s</subfield><subfield code="a">Bildnerisches Gestalten </subfield></datafield><datafield tag="689" ind1="0" ind2="1"><subfield code="0">(DE-588)4165554-0</subfield><subfield code="D">s</subfield><subfield code="a">Kreativitätserziehung </subfield></datafield><datafield tag="689" ind1="0" ind2="2"><subfield code="0">(DE-588)4030638-0</subfield><subfield code="D">s</subfield><subfield code="a">Kindertagesstätte </subfield></datafield><datafield tag="689" ind1="0" ind2="3"><subfield code="A">s</subfield><subfield code="a">Beispielsammlung</subfield><subfield code="5">DE-101</subfield></datafield><datafield tag="700" ind1="1" ind2=" "><subfield code="0">(DE-Frei129)00578515</subfield><subfield code="a">Wagner, Kira</subfield><subfield code="4">oth</subfield></datafield><datafield tag="852" ind1=" " ind2=" "><subfield code="a">Frei 129</subfield><subfield code="b">PHFR</subfield><subfield code="c">LH 61290 W133</subfield></datafield><datafield tag="856" ind1="4" ind2=" "><subfield code="8">00</subfield><subfield code="u">http://www.schubi.ch/pdf/L58050-2-l.pdf</subfield><subfield code="y">Auszug</subfield></datafield><datafield tag="980" ind1="0" ind2=" "><subfield code="a">00213930</subfield><subfield code="9">(PHFR)</subfield><subfield code="b">2.OG (35)</subfield><subfield code="c">LH 61290 W133</subfield><subfield code="d">Standardleihe (01)</subfield><subfield code="e">ausgeliehen (A) - Fälligkeitsdatum: 26.08.2022</subfield></datafield><datafield tag="980" ind1="0" ind2=" "><subfield code="a">00368202</subfield><subfield code="9">(PHFR)</subfield><subfield code="b">2.OG (35)</subfield><subfield code="c">LH 61290 W133 +1</subfield><subfield code="d">Standardleihe (01)</subfield><subfield code="e">Verfügbar (X)</subfield></datafield></record>