
<record><leader>06875nam a2200000uu 4500</leader><controlfield tag="001">02333807</controlfield><controlfield tag="003">DE-Frei129</controlfield><controlfield tag="005">20220811084039.0</controlfield><controlfield tag="007">tu</controlfield><controlfield tag="008">101215s2010    ||||||||||||||||||||ger||</controlfield><datafield tag="015" ind1=" " ind2=" "><subfield code="a">11,A02</subfield></datafield><datafield tag="016" ind1="7" ind2=" "><subfield code="a">1008736031</subfield><subfield code="2">DE-101</subfield></datafield><datafield tag="020" ind1=" " ind2=" "><subfield code="a">9783839601860</subfield><subfield code="9">9783839601860</subfield><subfield code="c">kart. : EUR 21.00 (DE), sfr 36.50 (freier Pr.)</subfield></datafield><datafield tag="024" ind1="3" ind2=" "><subfield code="a">9783839601860</subfield></datafield><datafield tag="035" ind1=" " ind2=" "><subfield code="a">(DE-576)641786069</subfield></datafield><datafield tag="041" ind1=" " ind2=" "><subfield code="a">ger</subfield></datafield><datafield tag="044" ind1=" " ind2=" "><subfield code="c">XA-DE-BW</subfield></datafield><datafield tag="245" ind1="1" ind2="0"><subfield code="a">Spielend Lernen</subfield><subfield code="b">Tagungsband der Abschlusskonferenz des Verbundprojektes Alphabit in Zusammenarbeit mit dem 4. Workshop Game-based Learning</subfield><subfield code="c">Holger Diener; Dennis Maciuszek; Steffen Malo  ...</subfield></datafield><datafield tag="260" ind1="3" ind2=" "><subfield code="a">Stuttgart</subfield><subfield code="b">Fraunhofer-Verl.</subfield><subfield code="c">2010</subfield></datafield><datafield tag="300" ind1=" " ind2=" "><subfield code="a">174 Seiten</subfield><subfield code="b">Ill., graph. Darst.</subfield><subfield code="c">21 cm</subfield><subfield code="e">1 DVD (12 cm)</subfield></datafield><datafield tag="500" ind1=" " ind2=" "><subfield code="a">Konferenzschrift, 2010</subfield></datafield><datafield tag="500" ind1=" " ind2=" "><subfield code="a">Rostock</subfield></datafield><datafield tag="500" ind1=" " ind2=" "><subfield code="a">Literaturangaben</subfield></datafield><datafield tag="500" ind1=" " ind2=" "><subfield code="a">IMD-Felder maschinell generiert (GBV)</subfield></datafield><datafield tag="500" ind1=" " ind2=" "><subfield code="a">Archivierung/Langzeitarchivierung gewährleistet</subfield></datafield><datafield tag="650" ind1=" " ind2="7"><subfield code="a">Lernspiel</subfield><subfield code="0">(DE-Frei129)00030319</subfield><subfield code="0">(DE-588)4074167-9</subfield><subfield code="2">gnd</subfield></datafield><datafield tag="650" ind1=" " ind2="7"><subfield code="a">E-Learning</subfield><subfield code="0">(DE-Frei129)00067250</subfield><subfield code="0">(DE-588)4727098-6</subfield><subfield code="2">gnd</subfield></datafield><datafield tag="650" ind1=" " ind2="7"><subfield code="a">Alphabetisierung</subfield><subfield code="0">(DE-Frei129)00027156</subfield><subfield code="0">(DE-588)4068576-7</subfield><subfield code="2">gnd</subfield></datafield><datafield tag="650" ind1=" " ind2="7"><subfield code="a">Elementarbildung</subfield><subfield code="0">(DE-Frei129)00056218</subfield><subfield code="0">(DE-588)4151988-7</subfield><subfield code="2">gnd</subfield></datafield><datafield tag="689" ind1="0" ind2="0"><subfield code="0">(DE-588)4074167-9</subfield><subfield code="D">s</subfield><subfield code="a">Lernspiel </subfield></datafield><datafield tag="689" ind1="0" ind2="1"><subfield code="0">(DE-588)4727098-6</subfield><subfield code="D">s</subfield><subfield code="a">E-Learning</subfield><subfield code="5">DE-101</subfield></datafield><datafield tag="689" ind1="1" ind2="0"><subfield code="0">(DE-588)4068576-7</subfield><subfield code="D">s</subfield><subfield code="a">Alphabetisierung </subfield></datafield><datafield tag="689" ind1="1" ind2="1"><subfield code="0">(DE-588)4151988-7</subfield><subfield code="D">s</subfield><subfield code="a">Elementarbildung</subfield><subfield code="5">DE-101</subfield></datafield><datafield tag="700" ind1="1" ind2=" "><subfield code="0">(DE-588)143126024</subfield><subfield code="0">(DE-Frei129)00812409</subfield><subfield code="a">Diener, Holger</subfield><subfield code="4">Hrsg.</subfield></datafield><datafield tag="700" ind1="1" ind2=" "><subfield code="0">(DE-Frei129)00436812</subfield><subfield code="a">Maciuszek, Dennis</subfield><subfield code="4">oth</subfield></datafield><datafield tag="700" ind1="1" ind2=" "><subfield code="0">(DE-Frei129)00810092</subfield><subfield code="a">Malo, Steffen</subfield><subfield code="4">oth</subfield></datafield><datafield tag="700" ind1="1" ind2=" "><subfield code="0">(DE-588)136706479</subfield><subfield code="0">(DE-Frei129)00545524</subfield><subfield code="a">Martens, Alke</subfield><subfield code="4">oth</subfield></datafield><datafield tag="700" ind1="1" ind2=" "><subfield code="0">(DE-588)132788357</subfield><subfield code="0">(DE-Frei129)58036781</subfield><subfield code="a">Urban, Bodo</subfield><subfield code="4">oth</subfield></datafield><datafield tag="710" ind1="2" ind2=" "><subfield code="0">(DE-Frei129)00249886</subfield><subfield code="0">(DE-588)5180839-0</subfield><subfield code="a">Fraunhofer-Institut für Graphische Datenverarbeitung</subfield><subfield code="4">oth</subfield></datafield><datafield tag="711" ind1="2" ind2=" "><subfield code="0">(DE-Frei129)00248107</subfield><subfield code="0">(DE-588)16094710-8</subfield><subfield code="a">Tagung Spielend Lernen (2010 : Rostock)</subfield><subfield code="c">Rostock</subfield><subfield code="4">oth</subfield></datafield><datafield tag="711" ind1="2" ind2=" "><subfield code="0">(DE-Frei129)00248108</subfield><subfield code="0">(DE-588)16094714-5</subfield><subfield code="a">Workshop Game Based Learning (4. : 2010 : Rostock)</subfield><subfield code="n">4</subfield><subfield code="c">Rostock</subfield><subfield code="4">oth</subfield></datafield><datafield tag="852" ind1=" " ind2=" "><subfield code="a">Frei129</subfield><subfield code="c">Paed B 900: 125</subfield></datafield><datafield tag="856" ind1="4" ind2=" "><subfield code="8">00</subfield><subfield code="u">http://www.gbv.de/dms/tib-ub-hannover/641786069.pdf</subfield><subfield code="y">Inhaltsverzeichnis</subfield></datafield><datafield tag="856" ind1="4" ind2=" "><subfield code="8">01</subfield><subfield code="u">http://deposit.d-nb.de/cgi-bin/dokserv?id=3623041&amp;prov=M&amp;dok_var=1&amp;dok_ext=htm</subfield><subfield code="y">Verlagsinformation</subfield></datafield><datafield tag="980" ind1="0" ind2=" "><subfield code="a">00218647</subfield><subfield code="9">(PHFR)</subfield><subfield code="b">EG-Anbau (32)</subfield><subfield code="c">Paed B 900: 125</subfield><subfield code="d">Standardleihe (01)</subfield><subfield code="e">ausgeliehen (A) - Fälligkeitsdatum: 05.09.2022</subfield></datafield></record>