
<record><leader>05139nam a2200000uu 4500</leader><controlfield tag="001">02333437</controlfield><controlfield tag="003">DE-Frei129</controlfield><controlfield tag="005">20220811084039.0</controlfield><controlfield tag="007">tu</controlfield><controlfield tag="008">100901s2010    ||||||||||||||||||||ger||</controlfield><datafield tag="015" ind1=" " ind2=" "><subfield code="a">11,A01</subfield></datafield><datafield tag="016" ind1="7" ind2=" "><subfield code="a">1006147934</subfield><subfield code="2">DE-101</subfield></datafield><datafield tag="020" ind1=" " ind2=" "><subfield code="a">9783453285262</subfield><subfield code="9">9783453285262</subfield><subfield code="c">kart. : EUR 19.99 (DE), EUR 20.60 (AT), sfr 33.90 (freier Pr.)</subfield></datafield><datafield tag="024" ind1="3" ind2=" "><subfield code="a">9783453285262</subfield></datafield><datafield tag="035" ind1=" " ind2=" "><subfield code="a">(DE-576)63439195X</subfield></datafield><datafield tag="041" ind1=" " ind2=" "><subfield code="a">ger</subfield></datafield><datafield tag="044" ind1=" " ind2=" "><subfield code="c">XA-DE-BY</subfield></datafield><datafield tag="100" ind1="1" ind2=" "><subfield code="a">Ort-Gottwald, Anna</subfield><subfield code="0">(DE-Frei129)00811233</subfield><subfield code="0">(DE-588)121907309</subfield></datafield><datafield tag="245" ind1="1" ind2="0"><subfield code="a">Brigitte-Diät - Abnehmen mit Lieblingsgerichten</subfield><subfield code="b">Diät-Rezepte für jeden Tag: im Job, mit Familie oder Freunden</subfield><subfield code="c">Anna Ort-Gottwald; Susanne Gerlach. [Fotos: Thomas Neckermann]</subfield></datafield><datafield tag="260" ind1="3" ind2=" "><subfield code="a">München</subfield><subfield code="b">Diana-Verl.</subfield><subfield code="c">2010</subfield></datafield><datafield tag="300" ind1=" " ind2=" "><subfield code="a">192 Seiten</subfield><subfield code="b">zahlr. Ill.</subfield><subfield code="c">23 cm</subfield></datafield><datafield tag="490" ind1="0" ind2=" "><subfield code="a">Brigitte-Buch</subfield></datafield><datafield tag="500" ind1=" " ind2=" "><subfield code="a">IMD-Felder maschinell generiert (GBV)</subfield></datafield><datafield tag="520" ind1=" " ind2=" "><subfield code="a">Rechtzeitig zum Frühjahr findet man in der neuen &quot;Brigitte-Diät&quot; (zuletzt S. Gerlach: BA 2/10) wieder ein abwechslungsreiches, pfiffiges Rezeptangebot mit mehr als 100 Rezepten, diesmal nur fürs Mittag- und Abendessen von Vor- bis Nachspeise, Fisch, Fleisch Vegetarisches: Eingeteilt in &quot;Rezepte für jeden Tag&quot;, &quot;Rezepte für den Job&quot;, &quot;Für Freunde &amp; Familie&quot;. Viele Gerichte stammen aus der internationalen Küche, darunter Gängiges und Ausgefalleneres (z.T. raffiniert gewürzt), Klassiker wie Pizza, aber auch deutsche Hausmannskost wie Rinderrouladen etc. Zutatenangaben meist für 1-4 Personen, jedes Gericht mit Farbfoto, neben den üblichen Kalorien- und Nährwertangaben wird bei jedem Gericht auch die Energiedichte angegeben, Erläuterungen dazu im Vorspann. Im Anhang Menüvorschläge, jede Menge küchenpraktischer Tipps, Fragen und Antworten rund um die Diät (aber keine Regieanweisung zur Durchführung), ein kleines Fitnessprogramm und Zutaten-Glossar, Rezeptregister. Attraktives buntes Layout. Neben dem Grundlagentitel von S. Gerlach (s.o., noch lieferbar) empfohlen. (1)</subfield></datafield><datafield tag="650" ind1=" " ind2="7"><subfield code="a">Brigitte-Diät</subfield><subfield code="0">(DE-Frei129)00748155</subfield><subfield code="0">(DE-588)4131958-8</subfield><subfield code="2">gnd</subfield></datafield><datafield tag="689" ind1="0" ind2="0"><subfield code="0">(DE-588)4131958-8</subfield><subfield code="D">s</subfield><subfield code="a">Brigitte-Diät</subfield><subfield code="5">DE-101</subfield></datafield><datafield tag="700" ind1="1" ind2=" "><subfield code="0">(DE-588)123741858</subfield><subfield code="0">(DE-Frei129)58783716</subfield><subfield code="a">Gerlach, Susanne</subfield><subfield code="4">aut</subfield></datafield><datafield tag="700" ind1="1" ind2=" "><subfield code="0">(DE-Frei129)58784114</subfield><subfield code="a">Neckermann, Thomas</subfield><subfield code="4">oth</subfield></datafield><datafield tag="852" ind1=" " ind2=" "><subfield code="a">Frei 129</subfield><subfield code="b">PHFR</subfield><subfield code="c">ZE 42000 O77</subfield></datafield><datafield tag="856" ind1="4" ind2=" "><subfield code="8">00</subfield><subfield code="u">http://d-nb.info/1006147934/04</subfield><subfield code="y">Kurzbeschreibung des Verlags</subfield></datafield><datafield tag="856" ind1="4" ind2=" "><subfield code="8">01</subfield><subfield code="u">http://d-nb.info/1006147934/04</subfield><subfield code="y">Verlagsinformation</subfield></datafield><datafield tag="980" ind1="0" ind2=" "><subfield code="a">00284999</subfield><subfield code="9">(PHFR)</subfield><subfield code="b">Handbibliothek (50)</subfield><subfield code="c">HTW B 180: 355</subfield><subfield code="d">Handbibliothek - nie verleihbar (54)</subfield><subfield code="e">Verfügbar (X)</subfield></datafield></record>