
<record><leader>04503nam a2200000uu 4500</leader><controlfield tag="001">02333187</controlfield><controlfield tag="003">DE-Frei129</controlfield><controlfield tag="005">20220811084039.0</controlfield><controlfield tag="007">tu</controlfield><controlfield tag="008">110111s2010    ||||||||||||||||||||ger||</controlfield><datafield tag="015" ind1=" " ind2=" "><subfield code="a">10,A48</subfield></datafield><datafield tag="016" ind1="7" ind2=" "><subfield code="a">1002865131</subfield><subfield code="2">DE-101</subfield></datafield><datafield tag="020" ind1=" " ind2=" "><subfield code="a">9783867021210</subfield><subfield code="9">978-3-86702-121-0</subfield><subfield code="c">kart. : EUR 17.90 (DE), EUR 18.40 (AT), sfr 31.90 (freier Pr.)</subfield></datafield><datafield tag="024" ind1="3" ind2=" "><subfield code="a">9783867021210</subfield></datafield><datafield tag="024" ind1="8" ind2=" "><subfield code="a">20568</subfield></datafield><datafield tag="035" ind1=" " ind2=" "><subfield code="a">(DE-576)62726106X</subfield></datafield><datafield tag="041" ind1=" " ind2=" "><subfield code="a">ger</subfield></datafield><datafield tag="044" ind1=" " ind2=" "><subfield code="c">XA-DE-NW</subfield></datafield><datafield tag="245" ind1="1" ind2="0"><subfield code="a">Krippenkinder in Aktion</subfield><subfield code="b">Praxisbuch mit vielen Ideen für spontane und geplante Angebote zur ganzheitlichen Entwicklungsförderung</subfield><subfield code="c">Horst Schwarz (Hg.). Christine Loy; Tanja Jäger; Petra Torscher. Ill. von Anne Wöstheinrich</subfield></datafield><datafield tag="260" ind1="3" ind2=" "><subfield code="a">Münster</subfield><subfield code="b">Ökotopia-Verl.</subfield><subfield code="c">2010 2010</subfield></datafield><datafield tag="300" ind1=" " ind2=" "><subfield code="a">140  Seiten</subfield><subfield code="b">zahlr. Ill.</subfield><subfield code="c">27 cm</subfield></datafield><datafield tag="500" ind1=" " ind2=" "><subfield code="a">Literaturangaben</subfield></datafield><datafield tag="650" ind1=" " ind2="7"><subfield code="a">Kleinkindpädagogik</subfield><subfield code="0">(DE-Frei129)00029911</subfield><subfield code="0">(DE-588)4073499-7</subfield><subfield code="2">gnd</subfield></datafield><datafield tag="650" ind1=" " ind2="7"><subfield code="a">Kinderkrippe</subfield><subfield code="0">(DE-Frei129)00013285</subfield><subfield code="0">(DE-588)4030603-3</subfield><subfield code="2">gnd</subfield></datafield><datafield tag="655" ind1=" " ind2="7"><subfield code="a">Beispielsammlung</subfield><subfield code="0">(DE-Frei129)00000034</subfield><subfield code="2">local</subfield></datafield><datafield tag="689" ind1="0" ind2="0"><subfield code="0">(DE-588)4073499-7</subfield><subfield code="D">s</subfield><subfield code="a">Kleinkindpädagogik </subfield></datafield><datafield tag="689" ind1="0" ind2="1"><subfield code="0">(DE-588)4030603-3</subfield><subfield code="D">s</subfield><subfield code="a">Kinderkrippe </subfield></datafield><datafield tag="689" ind1="0" ind2="2"><subfield code="A">s</subfield><subfield code="a">Beispielsammlung</subfield><subfield code="5">DE-101</subfield></datafield><datafield tag="700" ind1="1" ind2=" "><subfield code="0">(DE-588)123167329</subfield><subfield code="0">(DE-Frei129)00566297</subfield><subfield code="a">Schwarz, Horst</subfield><subfield code="4">Hrsg.</subfield></datafield><datafield tag="700" ind1="1" ind2=" "><subfield code="0">(DE-588)142544027</subfield><subfield code="0">(DE-Frei129)00812350</subfield><subfield code="a">Loy, Christine</subfield><subfield code="4">oth</subfield></datafield><datafield tag="852" ind1=" " ind2=" "><subfield code="a">Frei129</subfield><subfield code="c">Paed G 680: 110</subfield></datafield><datafield tag="856" ind1="4" ind2=" "><subfield code="8">00</subfield><subfield code="u">http://d-nb.info/1002865131/04</subfield><subfield code="y">Inhaltsverzeichnis</subfield></datafield><datafield tag="856" ind1="4" ind2=" "><subfield code="8">01</subfield><subfield code="u">http://www.oekotopia-verlag.de/shop_start_buchempfehlung.asp?articleID=20568</subfield><subfield code="y">Ausführliche Beschreibung</subfield></datafield><datafield tag="980" ind1="0" ind2=" "><subfield code="a">00214715</subfield><subfield code="9">(PHFR)</subfield><subfield code="b">EG-Anbau (32)</subfield><subfield code="c">Paed G 680: 110</subfield><subfield code="d">Standardleihe (01)</subfield><subfield code="e">Verfügbar (X)</subfield></datafield></record>