
<record><leader>04161nam a2200000uu 4500</leader><controlfield tag="001">02333075</controlfield><controlfield tag="003">DE-Frei129</controlfield><controlfield tag="005">20220811084039.0</controlfield><controlfield tag="007">tu</controlfield><controlfield tag="008">100519s2010    ||||||||||||||||||||ger||</controlfield><datafield tag="015" ind1=" " ind2=" "><subfield code="a">10,N20</subfield></datafield><datafield tag="016" ind1="7" ind2=" "><subfield code="a">1002465958</subfield><subfield code="2">DE-101</subfield></datafield><datafield tag="020" ind1=" " ind2=" "><subfield code="a">9783772518614</subfield><subfield code="9">9783772518614</subfield><subfield code="c">Pp. : EUR 39.00</subfield></datafield><datafield tag="024" ind1="3" ind2=" "><subfield code="a">9783772518614</subfield></datafield><datafield tag="035" ind1=" " ind2=" "><subfield code="a">(DE-576)626494249</subfield></datafield><datafield tag="041" ind1=" " ind2=" "><subfield code="a">ger</subfield></datafield><datafield tag="044" ind1=" " ind2=" "><subfield code="c">XA-DE-BW</subfield></datafield><datafield tag="100" ind1="1" ind2=" "><subfield code="a">Lindenberg, Christoph</subfield><subfield code="0">(DE-Frei129)00033783</subfield><subfield code="0">(DE-588)11554125X</subfield></datafield><datafield tag="245" ind1="1" ind2="0"><subfield code="a">Rudolf Steiner</subfield><subfield code="b">eine Chronik ; 1861 - 1925</subfield><subfield code="c">Christoph Lindenberg</subfield></datafield><datafield tag="250" ind1=" " ind2=" "><subfield code="a">1. Aufl. der durchges. Neuausg.</subfield></datafield><datafield tag="260" ind1="3" ind2=" "><subfield code="a">Stuttgart</subfield><subfield code="b">Verlag Freies Geistesleben</subfield><subfield code="c">2010</subfield></datafield><datafield tag="300" ind1=" " ind2=" "><subfield code="a">655 Seiten</subfield><subfield code="c">23 cm</subfield></datafield><datafield tag="500" ind1=" " ind2=" "><subfield code="a">Literaturverzeichnis S. 633 - 638</subfield></datafield><datafield tag="500" ind1=" " ind2=" "><subfield code="a">IMD-Felder maschinell generiert (GBV)</subfield></datafield><datafield tag="500" ind1=" " ind2=" "><subfield code="a">Archivierung/Langzeitarchivierung gewährleistet</subfield></datafield><datafield tag="501" ind1=" " ind2=" "><subfield code="a">Literaturangaben</subfield></datafield><datafield tag="600" ind1="1" ind2="7"><subfield code="0">(DE-Frei129)00053617</subfield><subfield code="0">(DE-588)118617443</subfield><subfield code="a">Steiner, Rudolf</subfield><subfield code="2">gnd</subfield></datafield><datafield tag="655" ind1=" " ind2="7"><subfield code="a">Zeittafel</subfield><subfield code="0">(DE-Frei129)00000358</subfield><subfield code="2">local</subfield></datafield><datafield tag="689" ind1="0" ind2="0"><subfield code="0">(DE-588)118617443</subfield><subfield code="D">p</subfield><subfield code="a">Steiner, Rudolf</subfield><subfield code="5">DE-101</subfield></datafield><datafield tag="700" ind1="1" ind2=" "><subfield code="0">(DE-588)118617443</subfield><subfield code="0">(DE-Frei129)00053617</subfield><subfield code="a">Steiner, Rudolf</subfield><subfield code="4">aut</subfield></datafield><datafield tag="852" ind1=" " ind2=" "><subfield code="a">Frei129</subfield><subfield code="c">Paed B 160: 192</subfield></datafield><datafield tag="856" ind1="4" ind2=" "><subfield code="8">00</subfield><subfield code="u">http://d-nb.info/1002465958/04</subfield><subfield code="y">Kurzbeschreibung des Verlags</subfield></datafield><datafield tag="856" ind1="4" ind2=" "><subfield code="8">01</subfield><subfield code="u">http://bvbr.bib-bvb.de:8991/F?func=service&amp;doc_library=BVB01&amp;doc_number=022543585&amp;line_number=0001&amp;func_code=DB_RECORDS&amp;service_type=MEDIA</subfield><subfield code="y">Verlagsinformation</subfield></datafield><datafield tag="980" ind1="0" ind2=" "><subfield code="a">00218641</subfield><subfield code="9">(PHFR)</subfield><subfield code="b">EG-Anbau (32)</subfield><subfield code="c">Paed B 160: 192</subfield><subfield code="d">Standardleihe (01)</subfield><subfield code="e">Verfügbar (X)</subfield></datafield></record>