
<record><leader>01943nam a2200000uu 4500</leader><controlfield tag="001">02333032</controlfield><controlfield tag="003">DE-Frei129</controlfield><controlfield tag="005">20220811084039.0</controlfield><controlfield tag="007">tu</controlfield><controlfield tag="008">101222s2010    ||||||||||||||||||||fre||</controlfield><datafield tag="020" ind1=" " ind2=" "><subfield code="a">9782853006798</subfield><subfield code="9">9782853006798</subfield></datafield><datafield tag="035" ind1=" " ind2=" "><subfield code="a">(DE-576)1607031965</subfield></datafield><datafield tag="041" ind1=" " ind2=" "><subfield code="a">fre</subfield></datafield><datafield tag="245" ind1="1" ind2="0"><subfield code="a">La  Bible</subfield><subfield code="b">notes intégrales, traduction œcuménique</subfield></datafield><datafield tag="250" ind1=" " ind2=" "><subfield code="a">11e éd</subfield></datafield><datafield tag="260" ind1="3" ind2=" "><subfield code="a">Villiers-le-Bel</subfield><subfield code="a">Paris</subfield><subfield code="a">61-Lonrai</subfield><subfield code="b">Bibli&apos;O - [Société biblique française]</subfield><subfield code="b">Normandie roto impr</subfield><subfield code="c">2010</subfield></datafield><datafield tag="300" ind1=" " ind2=" "><subfield code="a">2757 Seiten</subfield><subfield code="b">graph. Darst., Kt.</subfield><subfield code="c">25 cm</subfield><subfield code="e">eingelegte Liste der biblischen Bücher</subfield></datafield><datafield tag="852" ind1=" " ind2=" "><subfield code="a">Frei 129</subfield><subfield code="b">PHFR</subfield><subfield code="c">BC 2506 V752 (11)</subfield></datafield><datafield tag="980" ind1="0" ind2=" "><subfield code="a">00216854</subfield><subfield code="9">(PHFR)</subfield><subfield code="b">UG (33)</subfield><subfield code="c">BC 2506 V752 (11)</subfield><subfield code="d">Standardleihe (01)</subfield><subfield code="e">Verfügbar (X)</subfield></datafield></record>