
<record><leader>02485nam a2200000uuc4500</leader><controlfield tag="001">02333019</controlfield><controlfield tag="003">DE-Frei129</controlfield><controlfield tag="005">20220811084039.0</controlfield><controlfield tag="007">tu</controlfield><controlfield tag="008">101221s2010    ||||||||||||||||||||ger||</controlfield><datafield tag="020" ind1=" " ind2=" "><subfield code="a">9783425722054</subfield><subfield code="9">9783425722054</subfield></datafield><datafield tag="035" ind1=" " ind2=" "><subfield code="a">(DE-576)1405183063</subfield></datafield><datafield tag="041" ind1=" " ind2=" "><subfield code="a">ger</subfield><subfield code="a">eng</subfield></datafield><datafield tag="245" ind1="1" ind2="0"><subfield code="a">Camden Town</subfield><subfield code="b">Englisch für die Realschule und verwandte Schulformen</subfield><subfield code="n">5, [Hauptbd.]</subfield><subfield code="p">[Schülerband]</subfield><subfield code="c">[erarb. von Natalie Beer ...]</subfield></datafield><datafield tag="260" ind1="3" ind2=" "><subfield code="a">Frankfurt</subfield><subfield code="b">Diesterweg / Salle</subfield><subfield code="c">2010</subfield></datafield><datafield tag="300" ind1=" " ind2=" "><subfield code="a">236 Seiten</subfield><subfield code="b">Ill., graph. Darst.</subfield></datafield><datafield tag="773" ind1="0" ind2="8"><subfield code="w">(DE-Frei129)01014420</subfield><subfield code="q">15HAUP42010</subfield></datafield><datafield tag="852" ind1=" " ind2=" "><subfield code="a">Frei 129</subfield><subfield code="b">PHFR</subfield><subfield code="c">HD 220 II C179 -5</subfield></datafield><datafield tag="856" ind1="4" ind2=" "><subfield code="8">00</subfield><subfield code="u">http://d-nb.info/996176179/04</subfield><subfield code="y">Inhaltsverzeichnis</subfield></datafield><datafield tag="980" ind1="0" ind2=" "><subfield code="a">00214150</subfield><subfield code="9">(PHFR)</subfield><subfield code="b">2.OG (35)</subfield><subfield code="c">HD 220 II C179 -5+1</subfield><subfield code="d">Präsenzbestand II (51)</subfield><subfield code="e">Verfügbar (X)</subfield></datafield><datafield tag="980" ind1="0" ind2=" "><subfield code="a">00214151</subfield><subfield code="9">(PHFR)</subfield><subfield code="b">2.OG (35)</subfield><subfield code="c">HD 220 II C179 -5</subfield><subfield code="d">Standardleihe (01)</subfield><subfield code="e">Verfügbar (X)</subfield><subfield code="x">Ex. a = Präsenzbestand</subfield></datafield></record>