
<record><leader>03623nam a2200000uu 4500</leader><controlfield tag="001">02332994</controlfield><controlfield tag="003">DE-Frei129</controlfield><controlfield tag="005">20220811084040.0</controlfield><controlfield tag="007">tu</controlfield><controlfield tag="008">100422s2010    ||||||||||||||||||||ger||</controlfield><datafield tag="015" ind1=" " ind2=" "><subfield code="a">10,A41</subfield></datafield><datafield tag="016" ind1="7" ind2=" "><subfield code="a">1001589793</subfield><subfield code="2">DE-101</subfield></datafield><datafield tag="020" ind1=" " ind2=" "><subfield code="a">9783831017560</subfield><subfield code="9">9783831017560</subfield><subfield code="c">kart. : EUR 16.95 (DE), EUR 17.50 (AT), sfr 30.90 (freier Pr.)</subfield></datafield><datafield tag="024" ind1="3" ind2=" "><subfield code="a">9783831017560</subfield></datafield><datafield tag="035" ind1=" " ind2=" "><subfield code="a">(DE-576)624466000</subfield></datafield><datafield tag="041" ind1=" " ind2=" "><subfield code="a">ger</subfield><subfield code="h">eng</subfield></datafield><datafield tag="044" ind1=" " ind2=" "><subfield code="c">XA-DE-BY</subfield></datafield><datafield tag="245" ind1="1" ind2="0"><subfield code="a">Quilten</subfield><subfield code="b">neue kreative Projekte</subfield><subfield code="c">Kathy Doughty; Sarah Fielke. Vorw. von Kaffe Fassett</subfield></datafield><datafield tag="246" ind1="1" ind2="3"><subfield code="a">Material obsession</subfield></datafield><datafield tag="260" ind1="3" ind2=" "><subfield code="a">München</subfield><subfield code="b">Dorling Kindersley</subfield><subfield code="c">2010</subfield></datafield><datafield tag="300" ind1=" " ind2=" "><subfield code="a">206  Seiten</subfield><subfield code="b">zahlr. Ill., graph. Darst.</subfield><subfield code="c">255 mm x 210 mm</subfield></datafield><datafield tag="500" ind1=" " ind2=" "><subfield code="a">IMD-Felder maschinell generiert (GBV)</subfield></datafield><datafield tag="650" ind1=" " ind2="7"><subfield code="a">Quilt</subfield><subfield code="0">(DE-Frei129)00039197</subfield><subfield code="0">(DE-588)4121547-3</subfield><subfield code="2">gnd</subfield></datafield><datafield tag="689" ind1="0" ind2="0"><subfield code="0">(DE-588)4121547-3</subfield><subfield code="D">s</subfield><subfield code="a">Quilt</subfield><subfield code="5">DE-101</subfield></datafield><datafield tag="700" ind1="1" ind2=" "><subfield code="0">(DE-Frei129)00808786</subfield><subfield code="a">Doughty, Kathy</subfield><subfield code="4">aut</subfield></datafield><datafield tag="700" ind1="1" ind2=" "><subfield code="0">(DE-Frei129)00808787</subfield><subfield code="a">Fielke, Sarah</subfield><subfield code="4">aut</subfield></datafield><datafield tag="700" ind1="1" ind2=" "><subfield code="0">(DE-588)121454371</subfield><subfield code="0">(DE-Frei129)00528128</subfield><subfield code="a">Fassett, Kaffe</subfield><subfield code="4">oth</subfield></datafield><datafield tag="852" ind1=" " ind2=" "><subfield code="a">Frei 129</subfield><subfield code="b">PHFR</subfield><subfield code="c">ZS 6250 D732</subfield></datafield><datafield tag="856" ind1="4" ind2=" "><subfield code="8">00</subfield><subfield code="u">http://d-nb.info/1001589793/04</subfield><subfield code="y">Inhaltsverzeichnis</subfield></datafield><datafield tag="980" ind1="0" ind2=" "><subfield code="a">00216747</subfield><subfield code="9">(PHFR)</subfield><subfield code="b">3.OG (37)</subfield><subfield code="c">ZS 6250 D732</subfield><subfield code="d">Standardleihe (01)</subfield><subfield code="e">Verfügbar (X)</subfield></datafield></record>