
<record><leader>01797nam a2200000uu 4500</leader><controlfield tag="001">02332960</controlfield><controlfield tag="003">DE-Frei129</controlfield><controlfield tag="005">20220811084040.0</controlfield><controlfield tag="007">tu</controlfield><controlfield tag="008">101215s2010    ||||||||||||||||||||ger||</controlfield><datafield tag="020" ind1=" " ind2=" "><subfield code="a">9783639310788</subfield><subfield code="9">978-3-639-31078-8</subfield></datafield><datafield tag="035" ind1=" " ind2=" "><subfield code="a">(DE-576)1606936743</subfield></datafield><datafield tag="041" ind1=" " ind2=" "><subfield code="a">ger</subfield></datafield><datafield tag="100" ind1="1" ind2=" "><subfield code="a">Thonen-Alj, Sabrina</subfield><subfield code="0">(DE-Frei129)00808783</subfield></datafield><datafield tag="245" ind1="1" ind2="0"><subfield code="a">Montessori-Pädagogik im Licht der Neurobiologie</subfield><subfield code="b">ein interdisziplinärer Vergleich im Hinblick auf Lernprozesse in der Kindheit</subfield><subfield code="c">Sabrina Thonen-Alj</subfield></datafield><datafield tag="260" ind1="3" ind2=" "><subfield code="a">Saarbrücken</subfield><subfield code="b">VDM Verlag Dr. Müller</subfield><subfield code="c">2010</subfield></datafield><datafield tag="300" ind1=" " ind2=" "><subfield code="a">122  Seiten</subfield></datafield><datafield tag="852" ind1=" " ind2=" "><subfield code="a">Frei129</subfield><subfield code="c">Paed B 150: 177</subfield></datafield><datafield tag="980" ind1="0" ind2=" "><subfield code="a">00214685</subfield><subfield code="9">(PHFR)</subfield><subfield code="b">EG-Anbau (32)</subfield><subfield code="c">Paed B 150: 177</subfield><subfield code="d">Standardleihe (01)</subfield><subfield code="e">Verfügbar (X)</subfield></datafield></record>