
<record><leader>03153nam a2200000uu 4500</leader><controlfield tag="001">02332935</controlfield><controlfield tag="003">DE-Frei129</controlfield><controlfield tag="005">20220811084040.0</controlfield><controlfield tag="007">tu</controlfield><controlfield tag="008">101213s2010    ||||||||||||||||||||ger||</controlfield><datafield tag="015" ind1=" " ind2=" "><subfield code="a">10,A40</subfield></datafield><datafield tag="016" ind1="7" ind2=" "><subfield code="a">1002193214</subfield><subfield code="2">DE-101</subfield></datafield><datafield tag="020" ind1=" " ind2=" "><subfield code="a">9783809427018</subfield><subfield code="9">9783809427018</subfield><subfield code="c">Pp. : EUR 7.99, EUR 8.30 (AT)</subfield></datafield><datafield tag="024" ind1="3" ind2=" "><subfield code="a">9783809427018</subfield></datafield><datafield tag="035" ind1=" " ind2=" "><subfield code="a">(DE-576)626071194</subfield></datafield><datafield tag="041" ind1=" " ind2=" "><subfield code="a">ger</subfield></datafield><datafield tag="044" ind1=" " ind2=" "><subfield code="c">XA-DE-BY</subfield></datafield><datafield tag="100" ind1="1" ind2=" "><subfield code="a">Hügel, Brigitta</subfield><subfield code="0">(DE-Frei129)00801519</subfield></datafield><datafield tag="245" ind1="1" ind2="0"><subfield code="a">Haushalt</subfield><subfield code="b">der Grundkurs</subfield><subfield code="c">Brigitta Hügel</subfield></datafield><datafield tag="260" ind1="3" ind2=" "><subfield code="a">München</subfield><subfield code="b">Bassermann</subfield><subfield code="c">2010</subfield></datafield><datafield tag="300" ind1=" " ind2=" "><subfield code="a">160 Seiten</subfield><subfield code="b">Ill., graph. Darst.</subfield><subfield code="c">20 cm</subfield></datafield><datafield tag="500" ind1=" " ind2=" "><subfield code="a">IMD-Felder maschinell generiert (GBV)</subfield></datafield><datafield tag="650" ind1=" " ind2="7"><subfield code="a">Haushalt</subfield><subfield code="0">(DE-Frei129)00010676</subfield><subfield code="0">(DE-588)4023744-8</subfield><subfield code="2">gnd</subfield></datafield><datafield tag="689" ind1="0" ind2="0"><subfield code="0">(DE-588)4023744-8</subfield><subfield code="D">s</subfield><subfield code="a">Haushalt</subfield><subfield code="5">DE-101</subfield></datafield><datafield tag="852" ind1=" " ind2=" "><subfield code="a">Frei 129</subfield><subfield code="b">PHFR</subfield><subfield code="c">ZE 70600 H887</subfield></datafield><datafield tag="856" ind1="4" ind2=" "><subfield code="8">00</subfield><subfield code="u">http://d-nb.info/1002193214/04</subfield><subfield code="y">Inhaltsverzeichnis</subfield></datafield><datafield tag="856" ind1="4" ind2=" "><subfield code="8">01</subfield><subfield code="u">http://d-nb.info/1002193214/04</subfield><subfield code="y">Verlagsinformation</subfield></datafield><datafield tag="980" ind1="0" ind2=" "><subfield code="a">00216640</subfield><subfield code="9">(PHFR)</subfield><subfield code="b">3.OG (37)</subfield><subfield code="c">ZE 70600 H887</subfield><subfield code="d">Standardleihe (01)</subfield><subfield code="e">Verfügbar (X)</subfield></datafield></record>