
<record><leader>03440nam a2200000uu 4500</leader><controlfield tag="001">02332931</controlfield><controlfield tag="003">DE-Frei129</controlfield><controlfield tag="005">20220811084040.0</controlfield><controlfield tag="007">tu</controlfield><controlfield tag="008">101213s2010    ||||||||||||||||||||ger||</controlfield><datafield tag="020" ind1=" " ind2=" "><subfield code="a">9783808003602</subfield><subfield code="9">978-3-8080-0360-2</subfield></datafield><datafield tag="024" ind1="3" ind2=" "><subfield code="a">9783808003602</subfield></datafield><datafield tag="035" ind1=" " ind2=" "><subfield code="a">(DE-576)657131415</subfield></datafield><datafield tag="041" ind1=" " ind2=" "><subfield code="a">ger</subfield></datafield><datafield tag="100" ind1="1" ind2=" "><subfield code="a">Berg, Insoo Kim</subfield><subfield code="0">(DE-Frei129)00103030</subfield><subfield code="0">(DE-588)121503003</subfield></datafield><datafield tag="245" ind1="1" ind2="0"><subfield code="a">Familien-Zusammenhalt(en)</subfield><subfield code="b">ein kurz-therapeutisches und lösungs-orientiertes Arbeitsbuch</subfield><subfield code="c">Insoo Kim Berg</subfield></datafield><datafield tag="250" ind1=" " ind2=" "><subfield code="a">9. Aufl.</subfield></datafield><datafield tag="260" ind1="3" ind2=" "><subfield code="a">Dortmund</subfield><subfield code="b">Verl. Modernes Lernen</subfield><subfield code="c">2010</subfield></datafield><datafield tag="300" ind1=" " ind2=" "><subfield code="a">200  Seiten</subfield></datafield><datafield tag="490" ind1="1" ind2=" "><subfield code="a">Systemische Studien </subfield><subfield code="v">8</subfield></datafield><datafield tag="500" ind1=" " ind2=" "><subfield code="a">Literaturverz. S. 194 - 196</subfield></datafield><datafield tag="650" ind1=" " ind2="7"><subfield code="a">Familientherapie</subfield><subfield code="0">(DE-Frei129)00007807</subfield><subfield code="0">(DE-588)4016421-4</subfield><subfield code="2">gnd</subfield></datafield><datafield tag="650" ind1=" " ind2="7"><subfield code="a">Kurzpsychotherapie</subfield><subfield code="0">(DE-Frei129)00038987</subfield><subfield code="0">(DE-588)4131923-0</subfield><subfield code="2">gnd</subfield></datafield><datafield tag="689" ind1="0" ind2="0"><subfield code="0">(DE-588)4016421-4</subfield><subfield code="D">s</subfield><subfield code="a">Familientherapie </subfield></datafield><datafield tag="689" ind1="0" ind2="1"><subfield code="0">(DE-588)4131923-0</subfield><subfield code="D">s</subfield><subfield code="a">Kurzpsychotherapie</subfield><subfield code="5">DE-101</subfield></datafield><datafield tag="730" ind1="0" ind2="2"><subfield code="a">Family preservation</subfield><subfield code="l">ger</subfield></datafield><datafield tag="830" ind1=" " ind2="0"><subfield code="a">Systemische Studien</subfield><subfield code="v">8</subfield><subfield code="w">(DE-Frei129)00078679</subfield><subfield code="9">18</subfield></datafield><datafield tag="852" ind1=" " ind2=" "><subfield code="a">Frei129</subfield><subfield code="c">Paed U 190: 32 a</subfield></datafield><datafield tag="980" ind1="0" ind2=" "><subfield code="a">00233067</subfield><subfield code="9">(PHFR)</subfield><subfield code="b">EG-Anbau (32)</subfield><subfield code="c">Paed U 190: 32 a</subfield><subfield code="d">Standardleihe (01)</subfield><subfield code="e">ausgeliehen (A) - Fälligkeitsdatum: 04.07.2022</subfield></datafield></record>