
<record><leader>05326nam a2200000uu 4500</leader><controlfield tag="001">02332929</controlfield><controlfield tag="003">DE-Frei129</controlfield><controlfield tag="005">20220811084040.0</controlfield><controlfield tag="007">tu</controlfield><controlfield tag="008">100729s2010    ||||||||||||||||||||ger||</controlfield><datafield tag="015" ind1=" " ind2=" "><subfield code="a">10,A40</subfield></datafield><datafield tag="016" ind1="7" ind2=" "><subfield code="a">1004902085</subfield><subfield code="2">DE-101</subfield></datafield><datafield tag="020" ind1=" " ind2=" "><subfield code="a">9783643501462</subfield><subfield code="9">9783643501462</subfield><subfield code="c">kart. : EUR 19.90, sfr 31.90 (freier Pr.)</subfield></datafield><datafield tag="024" ind1="3" ind2=" "><subfield code="a">9783643501462</subfield></datafield><datafield tag="035" ind1=" " ind2=" "><subfield code="a">(DE-576)632428791</subfield></datafield><datafield tag="041" ind1=" " ind2=" "><subfield code="a">ger</subfield></datafield><datafield tag="044" ind1=" " ind2=" "><subfield code="c">XA-AT</subfield><subfield code="c">XA-DE-NW</subfield><subfield code="c">XA-DE</subfield></datafield><datafield tag="100" ind1="1" ind2=" "><subfield code="a">Schlatzer, Martin</subfield><subfield code="0">(DE-Frei129)00471725</subfield></datafield><datafield tag="245" ind1="1" ind2="0"><subfield code="a">Tierproduktion und Klimawandel</subfield><subfield code="b">ein wissenschaftlicher Diskurs zum Einfluss der Ernährung auf Umwelt und Klima</subfield><subfield code="c">Martin Schlatzer. Geleitw. von Claus Leitzmann</subfield></datafield><datafield tag="260" ind1="3" ind2=" "><subfield code="a">Wien ; Berlin ; Münster</subfield><subfield code="b">LIT</subfield><subfield code="c">2010</subfield></datafield><datafield tag="300" ind1=" " ind2=" "><subfield code="a">224 Seiten</subfield><subfield code="b">graph. Darst.</subfield><subfield code="c">210 mm x 147 mm</subfield></datafield><datafield tag="490" ind1="1" ind2=" "><subfield code="a">Bioethik </subfield><subfield code="v">Bd. 1</subfield></datafield><datafield tag="500" ind1=" " ind2=" "><subfield code="a">Literaturverz. S. 212 - 224</subfield></datafield><datafield tag="500" ind1=" " ind2=" "><subfield code="a">IMD-Felder maschinell generiert (GBV)</subfield></datafield><datafield tag="650" ind1=" " ind2="7"><subfield code="a">Klimaänderung</subfield><subfield code="0">(DE-Frei129)00060861</subfield><subfield code="0">(DE-588)4164199-1</subfield><subfield code="2">gnd</subfield></datafield><datafield tag="650" ind1=" " ind2="7"><subfield code="a">Tierproduktion</subfield><subfield code="0">(DE-Frei129)00024213</subfield><subfield code="0">(DE-588)4117223-1</subfield><subfield code="2">gnd</subfield></datafield><datafield tag="650" ind1=" " ind2="7"><subfield code="a">Umweltverträglichkeit</subfield><subfield code="0">(DE-Frei129)00024699</subfield><subfield code="0">(DE-588)4061655-1</subfield><subfield code="2">gnd</subfield></datafield><datafield tag="650" ind1=" " ind2="7"><subfield code="a">Ernährungswirtschaft</subfield><subfield code="0">(DE-Frei129)00041401</subfield><subfield code="0">(DE-588)4124852-1</subfield><subfield code="2">gnd</subfield></datafield><datafield tag="689" ind1="0" ind2="0"><subfield code="0">(DE-588)4164199-1</subfield><subfield code="D">s</subfield><subfield code="a">Klimaänderung </subfield></datafield><datafield tag="689" ind1="0" ind2="1"><subfield code="0">(DE-588)4117223-1</subfield><subfield code="D">s</subfield><subfield code="a">Tierproduktion </subfield></datafield><datafield tag="689" ind1="0" ind2="2"><subfield code="0">(DE-588)4061655-1</subfield><subfield code="D">s</subfield><subfield code="a">Umweltverträglichkeit </subfield></datafield><datafield tag="689" ind1="0" ind2="3"><subfield code="0">(DE-588)4124852-1</subfield><subfield code="D">s</subfield><subfield code="a">Ernährungswirtschaft</subfield><subfield code="5">DE-101</subfield></datafield><datafield tag="700" ind1="1" ind2=" "><subfield code="0">(DE-588)115879463</subfield><subfield code="0">(DE-Frei129)00033094</subfield><subfield code="a">Leitzmann, Claus</subfield><subfield code="4">oth</subfield></datafield><datafield tag="830" ind1=" " ind2="0"><subfield code="a">Bioethik</subfield><subfield code="v">Bd. 1</subfield><subfield code="w">(DE-Frei129)01404883</subfield><subfield code="9">11</subfield></datafield><datafield tag="852" ind1=" " ind2=" "><subfield code="a">Frei 129</subfield><subfield code="b">PHFR</subfield><subfield code="c">ZE 43000 S338</subfield></datafield><datafield tag="856" ind1="4" ind2=" "><subfield code="8">00</subfield><subfield code="u">http://deposit.d-nb.de/cgi-bin/dokserv?id=3516372&amp;prov=M&amp;dok_var=1&amp;dok_ext=htm</subfield><subfield code="y">Inhaltstext</subfield></datafield><datafield tag="856" ind1="4" ind2=" "><subfield code="8">01</subfield><subfield code="u">http://d-nb.info/1004902085/04</subfield><subfield code="y">Verlagsinformation</subfield></datafield><datafield tag="980" ind1="0" ind2=" "><subfield code="a">00214265</subfield><subfield code="9">(PHFR)</subfield><subfield code="b">3.OG (37)</subfield><subfield code="c">ZE 43000 S338</subfield><subfield code="d">Standardleihe (01)</subfield><subfield code="e">Verfügbar (X)</subfield></datafield></record>