
<record><leader>05812nam a2200000uu 4500</leader><controlfield tag="001">02332913</controlfield><controlfield tag="003">DE-Frei129</controlfield><controlfield tag="005">20220811084040.0</controlfield><controlfield tag="007">tu</controlfield><controlfield tag="008">101213s2010    ||||||||||||||||||||ger||</controlfield><datafield tag="015" ind1=" " ind2=" "><subfield code="a">10,A40</subfield></datafield><datafield tag="016" ind1="7" ind2=" "><subfield code="a">1001701089</subfield><subfield code="2">DE-101</subfield></datafield><datafield tag="020" ind1=" " ind2=" "><subfield code="a">9783835407084</subfield><subfield code="9">9783835407084</subfield><subfield code="c">kart. : EUR 9.95 (DE), EUR 10.30 (AT), sfr 18.90 (freier Pr.)</subfield></datafield><datafield tag="024" ind1="3" ind2=" "><subfield code="a">9783835407084</subfield></datafield><datafield tag="035" ind1=" " ind2=" "><subfield code="a">(DE-576)624858049</subfield></datafield><datafield tag="041" ind1=" " ind2=" "><subfield code="a">ger</subfield></datafield><datafield tag="044" ind1=" " ind2=" "><subfield code="c">XA-DE-BY</subfield></datafield><datafield tag="100" ind1="1" ind2=" "><subfield code="a">Gabler, Eberhard</subfield><subfield code="0">(DE-Frei129)00796391</subfield><subfield code="0">(DE-588)111433835</subfield></datafield><datafield tag="245" ind1="1" ind2="0"><subfield code="a">Vogelhäuschen</subfield><subfield code="b">Nistkästen und Futterhäuser</subfield><subfield code="c">Eberhard Gabler</subfield></datafield><datafield tag="250" ind1=" " ind2=" "><subfield code="a">3. Aufl., Neuausg.</subfield></datafield><datafield tag="260" ind1="3" ind2=" "><subfield code="a">München</subfield><subfield code="b">blv-Buchverl.</subfield><subfield code="c">2010</subfield></datafield><datafield tag="300" ind1=" " ind2=" "><subfield code="a">111 Seiten</subfield><subfield code="b">zahlr. Ill.</subfield><subfield code="c">22 cm</subfield></datafield><datafield tag="500" ind1=" " ind2=" "><subfield code="a">IMD-Felder maschinell generiert (GBV)</subfield></datafield><datafield tag="520" ind1=" " ind2=" "><subfield code="a">Nistkästen und Futterhäuser zum Selberbauen. Neben informativen Angaben zur Winterfütterung wird der Bau verschiedener Nistkästen und Futterhäuser exakt beschrieben. Die Höhlenbrüter sowie Halbhöhlen- und Nischenbrüter werden ausführlich porträtiert und in kleinformatigen Fotos dargestellt. (LK/KI: Hagen)</subfield></datafield><datafield tag="520" ind1=" " ind2=" "><subfield code="a">Leicht überarbeitete Neuauflage des praxisnahen Titels &quot;Nistkästen und Futterhäuser&quot; (BA 10/03). Neben informativen Angaben zur Winterfütterung wird der Bau verschiedener Nistkästen und Futterhäuser exakt beschrieben, in der Neuauflage mit genauen Materialangaben und um 2 weitere Nistkastentypen ergänzt. Die Bewohner der Nistkästen, unterteilt in Höhlenbrüter sowie Halbhöhlen- und Nischenbrüter, werden ausführlich mit ihrer Brutbiologie porträtiert und in kleinformatigen Fotos dargestellt. Im Anhang befindet sich ein übersichtlicher Arbeitsplan, der den Vogelschutz im Jahreslauf aufzeigt. Neben &quot;Nistkästen &amp; Futterstellen selber bauen&quot; (BA 9/07) und &quot;Nistkästen und Vogelhäuschen&quot; (BA 2/08). Alte Auflage kann weiterlaufen. (2) (LK/KI: Hagen)</subfield></datafield><datafield tag="650" ind1=" " ind2="7"><subfield code="a">Garten</subfield><subfield code="0">(DE-Frei129)00002879</subfield><subfield code="0">(DE-588)4019286-6</subfield><subfield code="2">gnd</subfield></datafield><datafield tag="650" ind1=" " ind2="7"><subfield code="a">Nistkasten</subfield><subfield code="0">(DE-Frei129)00036927</subfield><subfield code="0">(DE-588)4115397-2</subfield><subfield code="2">gnd</subfield></datafield><datafield tag="650" ind1=" " ind2="7"><subfield code="a">Futterhäuschen</subfield><subfield code="0">(DE-Frei129)00036106</subfield><subfield code="0">(DE-588)4113658-5</subfield><subfield code="2">gnd</subfield></datafield><datafield tag="650" ind1=" " ind2="7"><subfield code="a">Selbstbau</subfield><subfield code="0">(DE-Frei129)00067215</subfield><subfield code="0">(DE-588)4180815-0</subfield><subfield code="2">gnd</subfield></datafield><datafield tag="689" ind1="0" ind2="0"><subfield code="0">(DE-588)4019286-6</subfield><subfield code="D">s</subfield><subfield code="a">Garten </subfield></datafield><datafield tag="689" ind1="0" ind2="1"><subfield code="0">(DE-588)4115397-2</subfield><subfield code="D">s</subfield><subfield code="a">Nistkasten </subfield></datafield><datafield tag="689" ind1="0" ind2="2"><subfield code="0">(DE-588)4113658-5</subfield><subfield code="D">s</subfield><subfield code="a">Futterhäuschen </subfield></datafield><datafield tag="689" ind1="0" ind2="3"><subfield code="0">(DE-588)4180815-0</subfield><subfield code="D">s</subfield><subfield code="a">Selbstbau</subfield><subfield code="5">DE-101</subfield></datafield><datafield tag="852" ind1=" " ind2=" "><subfield code="a">Frei 129</subfield><subfield code="b">PHFR</subfield><subfield code="c">ZS 5200 G115 (3)</subfield></datafield><datafield tag="856" ind1="4" ind2=" "><subfield code="8">00</subfield><subfield code="u">http://d-nb.info/1001701089/04</subfield><subfield code="y">Inhaltsverzeichnis</subfield></datafield><datafield tag="856" ind1="4" ind2=" "><subfield code="8">01</subfield><subfield code="u">http://d-nb.info/1001701089/04</subfield><subfield code="y">Verlagsinformation</subfield></datafield><datafield tag="980" ind1="0" ind2=" "><subfield code="a">00211327</subfield><subfield code="9">(PHFR)</subfield><subfield code="b">3.OG (37)</subfield><subfield code="c">ZS 5200 G115 (3)</subfield><subfield code="d">Standardleihe (01)</subfield><subfield code="e">Verfügbar (X)</subfield></datafield></record>