
<record><leader>07677nam a2200000uu 4500</leader><controlfield tag="001">02332878</controlfield><controlfield tag="003">DE-Frei129</controlfield><controlfield tag="005">20220811084040.0</controlfield><controlfield tag="007">tu</controlfield><controlfield tag="008">100707s2010    |||||||||m||||||||||ger||</controlfield><datafield tag="015" ind1=" " ind2=" "><subfield code="a">10,A40</subfield></datafield><datafield tag="016" ind1="7" ind2=" "><subfield code="a">1004026242</subfield><subfield code="2">DE-101</subfield></datafield><datafield tag="020" ind1=" " ind2=" "><subfield code="a">9783830052333</subfield><subfield code="9">9783830052333</subfield><subfield code="c">kart. : EUR 38.00</subfield></datafield><datafield tag="024" ind1="3" ind2=" "><subfield code="a">9783830052333</subfield></datafield><datafield tag="024" ind1="8" ind2=" "><subfield code="a">1012327353</subfield></datafield><datafield tag="035" ind1=" " ind2=" "><subfield code="a">(DE-576)630810419</subfield></datafield><datafield tag="041" ind1=" " ind2=" "><subfield code="a">ger</subfield></datafield><datafield tag="044" ind1=" " ind2=" "><subfield code="c">XA-DE-HH</subfield></datafield><datafield tag="100" ind1="1" ind2=" "><subfield code="a">Arps-Aubert, Edith</subfield><subfield code="0">(DE-Frei129)58109116</subfield></datafield><datafield tag="245" ind1="1" ind2="4"><subfield code="a">Das Arbeitskonzept von Elsa Gindler (1885 - 1961) dargestellt im Rahmen der Gymnastik der Reformpädagogik</subfield><subfield code="b">&quot;Zulassen, dass sich etwas ändert.&quot;</subfield><subfield code="c">Edith von Arps-Aubert</subfield></datafield><datafield tag="260" ind1="3" ind2=" "><subfield code="a">Hamburg</subfield><subfield code="b">Kovač</subfield><subfield code="c">2010</subfield></datafield><datafield tag="300" ind1=" " ind2=" "><subfield code="a">485 Seiten</subfield><subfield code="b">Ill., graph. Darst.</subfield><subfield code="c">210 mm x 148 mm, 601 gr.</subfield></datafield><datafield tag="490" ind1="1" ind2=" "><subfield code="a">Schriftenreihe Schriften zur Sportwissenschaft </subfield><subfield code="v">Bd. 93</subfield></datafield><datafield tag="500" ind1=" " ind2=" "><subfield code="a">Marburg</subfield></datafield><datafield tag="500" ind1=" " ind2=" "><subfield code="a">Literaturverz. S. 447 - 457</subfield></datafield><datafield tag="500" ind1=" " ind2=" "><subfield code="a">IMD-Felder maschinell generiert (GBV)</subfield></datafield><datafield tag="502" ind1=" " ind2=" "><subfield code="a">Zugl.: Marburg, Univ., Diss., 2010</subfield></datafield><datafield tag="600" ind1="1" ind2="7"><subfield code="0">(DE-Frei129)00152199</subfield><subfield code="0">(DE-588)123574145</subfield><subfield code="a">Gindler, Elsa</subfield><subfield code="2">gnd</subfield></datafield><datafield tag="650" ind1=" " ind2="7"><subfield code="a">Gymnastik</subfield><subfield code="0">(DE-Frei129)00005431</subfield><subfield code="0">(DE-588)4022649-9</subfield><subfield code="2">gnd</subfield></datafield><datafield tag="650" ind1=" " ind2="7"><subfield code="a">Sportunterricht</subfield><subfield code="0">(DE-Frei129)00027694</subfield><subfield code="0">(DE-588)4077704-2</subfield><subfield code="2">gnd</subfield></datafield><datafield tag="650" ind1=" " ind2="7"><subfield code="a">Reformpädagogik</subfield><subfield code="0">(DE-Frei129)00012611</subfield><subfield code="0">(DE-588)4115719-9</subfield><subfield code="2">gnd</subfield></datafield><datafield tag="650" ind1=" " ind2="7"><subfield code="a">Pädagogin</subfield><subfield code="0">(DE-Frei129)00015181</subfield><subfield code="0">(DE-588)4135404-7</subfield><subfield code="2">gnd</subfield></datafield><datafield tag="650" ind1=" " ind2="7"><subfield code="a">Bewegungserziehung</subfield><subfield code="0">(DE-Frei129)00020639</subfield><subfield code="0">(DE-588)4069418-5</subfield><subfield code="2">gnd</subfield></datafield><datafield tag="650" ind1=" " ind2="7"><subfield code="a">Unterrichtsmethode</subfield><subfield code="0">(DE-Frei129)00033067</subfield><subfield code="0">(DE-588)4078637-7</subfield><subfield code="2">gnd</subfield></datafield><datafield tag="689" ind1="0" ind2="0"><subfield code="0">(DE-588)123574145</subfield><subfield code="D">p</subfield><subfield code="a">Gindler, Elsa </subfield></datafield><datafield tag="689" ind1="0" ind2="1"><subfield code="0">(DE-588)4022649-9</subfield><subfield code="D">s</subfield><subfield code="a">Gymnastik </subfield></datafield><datafield tag="689" ind1="0" ind2="2"><subfield code="0">(DE-588)4077704-2</subfield><subfield code="D">s</subfield><subfield code="a">Sportunterricht </subfield></datafield><datafield tag="689" ind1="0" ind2="3"><subfield code="0">(DE-588)4115719-9</subfield><subfield code="D">s</subfield><subfield code="a">Reformpädagogik</subfield><subfield code="5">DE-101</subfield></datafield><datafield tag="689" ind1="1" ind2="0"><subfield code="0">(DE-588)4135404-7</subfield><subfield code="D">s</subfield><subfield code="a">Pädagogin </subfield></datafield><datafield tag="689" ind1="1" ind2="1"><subfield code="0">(DE-588)4115719-9</subfield><subfield code="D">s</subfield><subfield code="a">Reformpädagogik </subfield></datafield><datafield tag="689" ind1="1" ind2="2"><subfield code="0">(DE-588)4022649-9</subfield><subfield code="D">s</subfield><subfield code="a">Gymnastik </subfield></datafield><datafield tag="689" ind1="1" ind2="3"><subfield code="0">(DE-588)4077704-2</subfield><subfield code="D">s</subfield><subfield code="a">Sportunterricht </subfield></datafield><datafield tag="689" ind1="1" ind2="4"><subfield code="0">(DE-588)4069418-5</subfield><subfield code="D">s</subfield><subfield code="a">Bewegungserziehung </subfield></datafield><datafield tag="689" ind1="1" ind2="5"><subfield code="0">(DE-588)4078637-7</subfield><subfield code="D">s</subfield><subfield code="a">Unterrichtsmethode</subfield><subfield code="5">DE-101</subfield></datafield><datafield tag="700" ind1="1" ind2=" "><subfield code="0">(DE-588)123574145</subfield><subfield code="0">(DE-Frei129)00152199</subfield><subfield code="a">Gindler, Elsa</subfield><subfield code="4">aut</subfield></datafield><datafield tag="830" ind1=" " ind2="0"><subfield code="a">Schriftenreihe Schriften zur Sportwissenschaft</subfield><subfield code="v">Bd. 93</subfield><subfield code="w">(DE-Frei129)00189411</subfield><subfield code="9">293</subfield></datafield><datafield tag="852" ind1=" " ind2=" "><subfield code="a">Frei129</subfield><subfield code="c">Spo A 370: 18</subfield></datafield><datafield tag="856" ind1="4" ind2=" "><subfield code="8">00</subfield><subfield code="u">http://d-nb.info/1004026242/04</subfield><subfield code="y">Inhaltsverzeichnis</subfield></datafield><datafield tag="856" ind1="4" ind2=" "><subfield code="8">01</subfield><subfield code="u">http://www.verlagdrkovac.de/978-3-8300-5233-3.htm</subfield><subfield code="y">Verlagsinformation</subfield></datafield><datafield tag="856" ind1="4" ind2=" "><subfield code="8">02</subfield><subfield code="u">http://swbplus.bsz-bw.de/bsz334623723cov.htm</subfield><subfield code="y">Cover</subfield></datafield><datafield tag="856" ind1="4" ind2=" "><subfield code="8">03</subfield><subfield code="u">http://www.verlagdrkovac.de/978-3-8300-5233-3.htm</subfield><subfield code="y">Verlagsinformation</subfield></datafield><datafield tag="980" ind1="0" ind2=" "><subfield code="a">00218004</subfield><subfield code="9">(PHFR)</subfield><subfield code="b">UG (33)</subfield><subfield code="c">Spo A 370: 18</subfield><subfield code="d">Standardleihe (01)</subfield><subfield code="e">Verfügbar (X)</subfield></datafield></record>