
<record><leader>02887nam a2200000uu 4500</leader><controlfield tag="001">02332833</controlfield><controlfield tag="003">DE-Frei129</controlfield><controlfield tag="005">20220811084040.0</controlfield><controlfield tag="007">tu</controlfield><controlfield tag="008">101203s2010    ||||||||||||||||||||ger||</controlfield><datafield tag="015" ind1=" " ind2=" "><subfield code="a">10,N19</subfield></datafield><datafield tag="016" ind1="7" ind2=" "><subfield code="a">1002243165</subfield><subfield code="2">DE-101</subfield></datafield><datafield tag="020" ind1=" " ind2=" "><subfield code="a">9783868732474</subfield><subfield code="9">978-3-86873-247-4</subfield><subfield code="c">KART. : EUR 16.95, EUR 17.50 (AT), sfr 28.50 (freier Pr.)</subfield></datafield><datafield tag="024" ind1="3" ind2=" "><subfield code="a">9783868732474</subfield></datafield><datafield tag="035" ind1=" " ind2=" "><subfield code="a">(DE-576)1606768867</subfield></datafield><datafield tag="041" ind1=" " ind2=" "><subfield code="a">ger</subfield></datafield><datafield tag="044" ind1=" " ind2=" "><subfield code="c">XA-DE-BY</subfield></datafield><datafield tag="245" ind1="1" ind2="0"><subfield code="a">Meine wundervolle Welt der Mode</subfield><subfield code="b">ein Buch zum Malen, Basteln und Träumen</subfield><subfield code="c">von Nina Chakrabarti. [Übers.: Martin Rometsch]</subfield></datafield><datafield tag="246" ind1="1" ind2="3"><subfield code="a">My wonderful world of fashion</subfield></datafield><datafield tag="260" ind1="3" ind2=" "><subfield code="a">München</subfield><subfield code="b">Knesebeck</subfield><subfield code="c">2010 2010</subfield></datafield><datafield tag="300" ind1=" " ind2=" "><subfield code="a">[272]  Seiten</subfield><subfield code="b">Ill.</subfield><subfield code="c">289 mm x 210 mm</subfield></datafield><datafield tag="500" ind1=" " ind2=" "><subfield code="a">IMD-Felder und 1131 maschinell ergänzt</subfield></datafield><datafield tag="700" ind1="1" ind2=" "><subfield code="0">(DE-588)142942138</subfield><subfield code="0">(DE-Frei129)00812384</subfield><subfield code="a">Chakrabarti, Nina</subfield><subfield code="4">oth</subfield></datafield><datafield tag="700" ind1="1" ind2=" "><subfield code="0">(DE-588)137415699</subfield><subfield code="0">(DE-Frei129)00582198</subfield><subfield code="a">Rometsch, Martin</subfield><subfield code="4">oth</subfield></datafield><datafield tag="852" ind1=" " ind2=" "><subfield code="a">Frei 129</subfield><subfield code="b">PHFR</subfield><subfield code="c">LC 12000 C435</subfield></datafield><datafield tag="980" ind1="0" ind2=" "><subfield code="a">00215548</subfield><subfield code="9">(PHFR)</subfield><subfield code="b">3.OG (37)</subfield><subfield code="c">LC 12000 C435</subfield><subfield code="d">Standardleihe (01)</subfield><subfield code="e">Verfügbar (X)</subfield></datafield></record>