
<record><leader>04997nam a2200000uu 4500</leader><controlfield tag="001">02332623</controlfield><controlfield tag="003">DE-Frei129</controlfield><controlfield tag="005">20220811084040.0</controlfield><controlfield tag="007">tu</controlfield><controlfield tag="008">100414s2010    ||||||||||||||||||||eng||</controlfield><datafield tag="015" ind1=" " ind2=" "><subfield code="a">10,A39</subfield></datafield><datafield tag="016" ind1="7" ind2=" "><subfield code="a">1001281241</subfield><subfield code="2">DE-101</subfield></datafield><datafield tag="020" ind1=" " ind2=" "><subfield code="a">9783631587645</subfield><subfield code="9">9783631587645</subfield><subfield code="c">Pp. : EUR 49.80 (DE), EUR 51.20 (AT), sfr 73.00 (freier Pr.)</subfield></datafield><datafield tag="024" ind1="3" ind2=" "><subfield code="a">9783631587645</subfield></datafield><datafield tag="035" ind1=" " ind2=" "><subfield code="a">(DE-576)623675587</subfield></datafield><datafield tag="041" ind1=" " ind2=" "><subfield code="a">eng</subfield></datafield><datafield tag="044" ind1=" " ind2=" "><subfield code="c">XA-DE-HE</subfield><subfield code="c">XA-CH</subfield><subfield code="c">XA-BE</subfield></datafield><datafield tag="245" ind1="1" ind2="0"><subfield code="a">Systemic person-oriented study of child development in early primary school</subfield><subfield code="c">ed. by Aaro Toomela</subfield></datafield><datafield tag="260" ind1="3" ind2=" "><subfield code="a">Frankfurt, M. ; Berlin ; Bern ; Bruxelles ; New York, NY ; Oxford ; Wien</subfield><subfield code="b">Lang</subfield><subfield code="c">2010</subfield></datafield><datafield tag="300" ind1=" " ind2=" "><subfield code="a">XII, 286 Seiten</subfield><subfield code="b">graph. Darst.</subfield><subfield code="c">22 cm</subfield></datafield><datafield tag="500" ind1=" " ind2=" "><subfield code="a">Literaturangaben</subfield></datafield><datafield tag="500" ind1=" " ind2=" "><subfield code="a">IMD-Felder maschinell generiert (GBV)</subfield></datafield><datafield tag="650" ind1=" " ind2="7"><subfield code="a">Grundschulkind</subfield><subfield code="0">(DE-Frei129)00010252</subfield><subfield code="0">(DE-588)4022350-4</subfield><subfield code="2">gnd</subfield></datafield><datafield tag="650" ind1=" " ind2="7"><subfield code="a">Entwicklungspsychologie</subfield><subfield code="0">(DE-Frei129)00007066</subfield><subfield code="0">(DE-588)4014963-8</subfield><subfield code="2">gnd</subfield></datafield><datafield tag="650" ind1=" " ind2="7"><subfield code="a">Child development</subfield><subfield code="0">(DE-Frei129)00241491</subfield><subfield code="2">local</subfield></datafield><datafield tag="650" ind1=" " ind2="7"><subfield code="a">Developmental psychology</subfield><subfield code="0">(DE-Frei129)00259748</subfield><subfield code="2">local</subfield></datafield><datafield tag="650" ind1=" " ind2="7"><subfield code="a">Early childhood education</subfield><subfield code="0">(DE-Frei129)00241488</subfield><subfield code="2">local</subfield></datafield><datafield tag="689" ind1="0" ind2="0"><subfield code="0">(DE-588)4022350-4</subfield><subfield code="D">s</subfield><subfield code="a">Grundschulkind </subfield></datafield><datafield tag="689" ind1="0" ind2="1"><subfield code="0">(DE-588)4014963-8</subfield><subfield code="D">s</subfield><subfield code="a">Entwicklungspsychologie</subfield><subfield code="5">DE-101</subfield></datafield><datafield tag="689" ind1="1" ind2="0"><subfield code="A">s</subfield><subfield code="a">Child development</subfield><subfield code="5">DE-101</subfield></datafield><datafield tag="689" ind1="2" ind2="0"><subfield code="A">s</subfield><subfield code="a">Developmental psychology</subfield><subfield code="5">DE-101</subfield></datafield><datafield tag="689" ind1="3" ind2="0"><subfield code="A">s</subfield><subfield code="a">Early childhood education</subfield><subfield code="5">DE-101</subfield></datafield><datafield tag="700" ind1="1" ind2=" "><subfield code="0">(DE-588)141363355</subfield><subfield code="0">(DE-Frei129)00802414</subfield><subfield code="a">Toomela, Aaro</subfield><subfield code="4">Hrsg.</subfield></datafield><datafield tag="852" ind1=" " ind2=" "><subfield code="a">Frei129</subfield><subfield code="c">Psy C 160: 17</subfield></datafield><datafield tag="856" ind1="4" ind2=" "><subfield code="8">00</subfield><subfield code="u">http://d-nb.info/1001281241/04</subfield><subfield code="y">Kurzbeschreibung des Verlags</subfield></datafield><datafield tag="856" ind1="4" ind2=" "><subfield code="8">01</subfield><subfield code="u">http://d-nb.info/1001281241/04</subfield><subfield code="y">Verlagsinformation</subfield></datafield><datafield tag="980" ind1="0" ind2=" "><subfield code="a">00214508</subfield><subfield code="9">(PHFR)</subfield><subfield code="b">EG-Anbau (32)</subfield><subfield code="c">Psy C 160: 17</subfield><subfield code="d">Standardleihe (01)</subfield><subfield code="e">Verfügbar (X)</subfield></datafield></record>