
<record><leader>05104nam a2200000uu 4500</leader><controlfield tag="001">02332609</controlfield><controlfield tag="003">DE-Frei129</controlfield><controlfield tag="005">20220811084040.0</controlfield><controlfield tag="007">tu</controlfield><controlfield tag="008">101201s2010    ||||||||||||||||||||ger||</controlfield><datafield tag="015" ind1=" " ind2=" "><subfield code="a">10,A37</subfield></datafield><datafield tag="016" ind1="7" ind2=" "><subfield code="a">1001625110</subfield><subfield code="2">DE-101</subfield></datafield><datafield tag="020" ind1=" " ind2=" "><subfield code="a">9783821861333</subfield><subfield code="9">978-3-8218-6133-3</subfield><subfield code="c">Pp. : EUR 17.95 (DE), EUR 18.50 (AT), sfr 30.50 (freier Pr.)</subfield></datafield><datafield tag="024" ind1="3" ind2=" "><subfield code="a">9783821861333</subfield></datafield><datafield tag="024" ind1="8" ind2=" "><subfield code="a">006133</subfield></datafield><datafield tag="035" ind1=" " ind2=" "><subfield code="a">(DE-576)1606723812</subfield></datafield><datafield tag="041" ind1=" " ind2=" "><subfield code="a">ger</subfield></datafield><datafield tag="044" ind1=" " ind2=" "><subfield code="c">XA-DE-HE</subfield></datafield><datafield tag="245" ind1="1" ind2="0"><subfield code="a">Vierundzwanzig Türen</subfield><subfield code="b">Roman</subfield><subfield code="c">Klaus Modick. Ill. von Jub Mönster</subfield></datafield><datafield tag="250" ind1=" " ind2=" "><subfield code="a">1. Aufl.</subfield></datafield><datafield tag="260" ind1="3" ind2=" "><subfield code="a">Frankfurt, M.</subfield><subfield code="b">Eichborn</subfield><subfield code="c">2010 2010</subfield></datafield><datafield tag="300" ind1=" " ind2=" "><subfield code="a">247  Seiten</subfield><subfield code="b">Ill.</subfield><subfield code="c">22 cm</subfield></datafield><datafield tag="500" ind1=" " ind2=" "><subfield code="a">5090 maschinell aus ähnlichen Titelaufnahmen ergänzt</subfield></datafield><datafield tag="648" ind1=" " ind2="7"><subfield code="a">Geschichte 1945-1947</subfield><subfield code="0">(DE-Frei129)00083749</subfield><subfield code="2">local</subfield></datafield><datafield tag="650" ind1=" " ind2="7"><subfield code="a">Nachkriegszeit</subfield><subfield code="0">(DE-Frei129)00098900</subfield><subfield code="0">(DE-588)4421423-6</subfield><subfield code="2">gnd</subfield></datafield><datafield tag="650" ind1=" " ind2="7"><subfield code="a">Familie</subfield><subfield code="0">(DE-Frei129)00001621</subfield><subfield code="0">(DE-588)4016397-0</subfield><subfield code="2">gnd</subfield></datafield><datafield tag="650" ind1=" " ind2="7"><subfield code="a">Adventskalender</subfield><subfield code="0">(DE-Frei129)00283180</subfield><subfield code="0">(DE-588)4000540-9</subfield><subfield code="2">gnd</subfield></datafield><datafield tag="651" ind1=" " ind2="7"><subfield code="a">Deutschland</subfield><subfield code="0">(DE-Frei129)00005806</subfield><subfield code="0">(DE-588)4011882-4</subfield><subfield code="2">gnd</subfield></datafield><datafield tag="655" ind1=" " ind2="7"><subfield code="a">Belletristische Darstellung</subfield><subfield code="0">(DE-Frei129)00000015</subfield><subfield code="2">local</subfield></datafield><datafield tag="689" ind1="0" ind2="0"><subfield code="0">(DE-588)4011882-4</subfield><subfield code="D">g</subfield><subfield code="a">Deutschland </subfield></datafield><datafield tag="689" ind1="0" ind2="1"><subfield code="0">(DE-588)4421423-6</subfield><subfield code="D">s</subfield><subfield code="a">Nachkriegszeit </subfield></datafield><datafield tag="689" ind1="0" ind2="2"><subfield code="A">s</subfield><subfield code="a">Geschichte 1945-1947 </subfield></datafield><datafield tag="689" ind1="0" ind2="3"><subfield code="A">s</subfield><subfield code="a">Belletristische Darstellung</subfield><subfield code="5">DE-101</subfield></datafield><datafield tag="689" ind1="1" ind2="0"><subfield code="0">(DE-588)4016397-0</subfield><subfield code="D">s</subfield><subfield code="a">Familie </subfield></datafield><datafield tag="689" ind1="1" ind2="1"><subfield code="0">(DE-588)4000540-9</subfield><subfield code="D">s</subfield><subfield code="a">Adventskalender </subfield></datafield><datafield tag="689" ind1="1" ind2="2"><subfield code="A">s</subfield><subfield code="a">Belletristische Darstellung</subfield><subfield code="5">DE-101</subfield></datafield><datafield tag="700" ind1="1" ind2=" "><subfield code="0">(DE-588)115592695</subfield><subfield code="0">(DE-Frei129)00037880</subfield><subfield code="a">Modick, Klaus</subfield><subfield code="4">aut</subfield></datafield><datafield tag="852" ind1=" " ind2=" "><subfield code="a">Frei 129</subfield><subfield code="b">PHFR</subfield><subfield code="c">MA 17/298</subfield></datafield><datafield tag="980" ind1="0" ind2=" "><subfield code="a">00214623</subfield><subfield code="9">(PHFR)</subfield><subfield code="b">UG (33)</subfield><subfield code="c">MA 17/298</subfield><subfield code="d">Standardleihe (01)</subfield><subfield code="e">Verfügbar (X)</subfield></datafield></record>