
<record><leader>04937nam a2200000uu 4500</leader><controlfield tag="001">02332597</controlfield><controlfield tag="003">DE-Frei129</controlfield><controlfield tag="005">20220811084040.0</controlfield><controlfield tag="007">tu</controlfield><controlfield tag="008">101201s2010    ||||||||||||||||||||eng||</controlfield><datafield tag="020" ind1=" " ind2=" "><subfield code="a">9782759404247</subfield><subfield code="9">978-2-7594-0424-7</subfield><subfield code="c">hbk.</subfield></datafield><datafield tag="020" ind1=" " ind2=" "><subfield code="a">2759404242</subfield><subfield code="9">2-7594-0424-2</subfield><subfield code="c">hbk.</subfield></datafield><datafield tag="035" ind1=" " ind2=" "><subfield code="a">(DE-576)160671905X</subfield></datafield><datafield tag="041" ind1=" " ind2=" "><subfield code="a">eng</subfield></datafield><datafield tag="044" ind1=" " ind2=" "><subfield code="c">XD-US</subfield></datafield><datafield tag="245" ind1="1" ind2="0"><subfield code="a">Pierre Cardin</subfield><subfield code="b">60 years of innovation</subfield><subfield code="c">preface Laurence Benaïm; texts Jean-Pascal Hesse</subfield></datafield><datafield tag="246" ind1="1" ind2="3"><subfield code="a">Pierre Cardin</subfield></datafield><datafield tag="247" ind1="0" ind2="0"><subfield code="a">Prepublication title: Pierre Cardin</subfield></datafield><datafield tag="260" ind1="3" ind2=" "><subfield code="a">New York ; Slough</subfield><subfield code="b">Assouline</subfield><subfield code="c">2010 2010</subfield></datafield><datafield tag="300" ind1=" " ind2=" "><subfield code="a">1 v. (unpaged)</subfield><subfield code="b">chiefly ill. (some col.)</subfield><subfield code="c">35 cm</subfield></datafield><datafield tag="500" ind1=" " ind2=" "><subfield code="a">IMD-Felder und 1131 maschinell ergänzt</subfield></datafield><datafield tag="650" ind1=" " ind2="7"><subfield code="a">Cardin, Pierre 1922-</subfield><subfield code="0">(DE-Frei129)00755368</subfield><subfield code="2">local</subfield></datafield><datafield tag="650" ind1=" " ind2="7"><subfield code="a">Fashion designers</subfield><subfield code="0">(DE-Frei129)00246193</subfield><subfield code="2">local</subfield></datafield><datafield tag="650" ind1=" " ind2="7"><subfield code="a">Biography</subfield><subfield code="0">(DE-Frei129)00236518</subfield><subfield code="2">local</subfield></datafield><datafield tag="650" ind1=" " ind2="7"><subfield code="a">France</subfield><subfield code="0">(DE-Frei129)00239784</subfield><subfield code="2">local</subfield></datafield><datafield tag="650" ind1=" " ind2="7"><subfield code="a">Paris</subfield><subfield code="0">(DE-Frei129)00272041</subfield><subfield code="2">local</subfield></datafield><datafield tag="650" ind1=" " ind2="7"><subfield code="a">Fashion design</subfield><subfield code="0">(DE-Frei129)00433437</subfield><subfield code="2">local</subfield></datafield><datafield tag="689" ind1="0" ind2="0"><subfield code="A">s</subfield><subfield code="a">Cardin, Pierre 1922-</subfield><subfield code="5">DE-101</subfield></datafield><datafield tag="689" ind1="1" ind2="0"><subfield code="A">s</subfield><subfield code="a">Fashion designers </subfield></datafield><datafield tag="689" ind1="1" ind2="1"><subfield code="A">s</subfield><subfield code="a">Biography </subfield></datafield><datafield tag="689" ind1="1" ind2="2"><subfield code="A">s</subfield><subfield code="a">France </subfield></datafield><datafield tag="689" ind1="1" ind2="3"><subfield code="A">s</subfield><subfield code="a">Paris</subfield><subfield code="5">DE-101</subfield></datafield><datafield tag="689" ind1="2" ind2="0"><subfield code="A">s</subfield><subfield code="a">Fashion design </subfield></datafield><datafield tag="689" ind1="2" ind2="1"><subfield code="A">s</subfield><subfield code="a">France </subfield></datafield><datafield tag="689" ind1="2" ind2="2"><subfield code="A">s</subfield><subfield code="a">Paris</subfield><subfield code="5">DE-101</subfield></datafield><datafield tag="700" ind1="1" ind2=" "><subfield code="0">(DE-588)141747234</subfield><subfield code="0">(DE-Frei129)00812277</subfield><subfield code="a">Hesse, Jean-Pascal</subfield><subfield code="4">oth</subfield></datafield><datafield tag="700" ind1="1" ind2=" "><subfield code="0">(DE-588)141747234</subfield><subfield code="0">(DE-Frei129)00812277</subfield><subfield code="a">Hesse, Jean-Pascal</subfield><subfield code="4">oth</subfield></datafield><datafield tag="852" ind1=" " ind2=" "><subfield code="a">Frei 129</subfield><subfield code="b">PHFR</subfield><subfield code="c">LC 12185 H587</subfield></datafield><datafield tag="980" ind1="0" ind2=" "><subfield code="a">00221776</subfield><subfield code="9">(PHFR)</subfield><subfield code="b">3.OG (37)</subfield><subfield code="c">LC 12185 H587</subfield><subfield code="d">Standardleihe (01)</subfield><subfield code="e">Verfügbar (X)</subfield></datafield></record>