
<record><leader>08923nam a2200000uu 4500</leader><controlfield tag="001">02332594</controlfield><controlfield tag="003">DE-Frei129</controlfield><controlfield tag="005">20220811084040.0</controlfield><controlfield tag="007">tu</controlfield><controlfield tag="008">101103s2010    |||||||||m||||||||||ger||</controlfield><datafield tag="015" ind1=" " ind2=" "><subfield code="a">10,A46</subfield></datafield><datafield tag="016" ind1="7" ind2=" "><subfield code="a">1007866829</subfield><subfield code="2">DE-101</subfield></datafield><datafield tag="020" ind1=" " ind2=" "><subfield code="a">9783863066574</subfield><subfield code="9">9783863066574</subfield><subfield code="c">kart. : EUR 84.90 (DE)</subfield></datafield><datafield tag="024" ind1="3" ind2=" "><subfield code="a">9783863066574</subfield></datafield><datafield tag="035" ind1=" " ind2=" "><subfield code="a">(DE-576)638420741</subfield></datafield><datafield tag="041" ind1=" " ind2=" "><subfield code="a">ger</subfield></datafield><datafield tag="044" ind1=" " ind2=" "><subfield code="c">XA-DE-BY</subfield></datafield><datafield tag="100" ind1="1" ind2=" "><subfield code="a">Daumüller, Markus</subfield><subfield code="0">(DE-Frei129)00278522</subfield><subfield code="0">(DE-588)129949671</subfield><subfield code="4">aut</subfield></datafield><datafield tag="245" ind1="1" ind2="0"><subfield code="a">Begegnungsdidaktik</subfield><subfield code="b">wie Schüler Geschichte lernen könnten!</subfield><subfield code="c">Markus Daumüller</subfield></datafield><datafield tag="246" ind1="1" ind2="0"><subfield code="a">Begegnungsdidaktik im Kontext aktueller Bildungsdiskussionen</subfield></datafield><datafield tag="260" ind1="3" ind2=" "><subfield code="a">München</subfield><subfield code="b">AVM-Verl.</subfield><subfield code="c">2010</subfield></datafield><datafield tag="300" ind1=" " ind2=" "><subfield code="a">555 Seiten</subfield><subfield code="b">graph. Darst.</subfield><subfield code="c">21 cm</subfield></datafield><datafield tag="500" ind1=" " ind2=" "><subfield code="a">Heidelberg</subfield></datafield><datafield tag="500" ind1=" " ind2=" "><subfield code="a">IMD-Felder maschinell generiert (GBV)</subfield></datafield><datafield tag="502" ind1=" " ind2=" "><subfield code="a">Zugl.: Heidelberg, Pädag. Hochsch., Diss., 2004 u.d.T.: Begegnungsdidaktik im Kontext aktueller Bildungsdiskussionen</subfield></datafield><datafield tag="650" ind1=" " ind2="7"><subfield code="a">Geschichtsbewusstsein</subfield><subfield code="0">(DE-Frei129)00009498</subfield><subfield code="0">(DE-588)4020526-5</subfield><subfield code="2">gnd</subfield></datafield><datafield tag="650" ind1=" " ind2="7"><subfield code="a">Erfahrungsorientiertes Lernen</subfield><subfield code="0">(DE-Frei129)00056471</subfield><subfield code="0">(DE-588)4152726-4</subfield><subfield code="2">gnd</subfield></datafield><datafield tag="650" ind1=" " ind2="7"><subfield code="a">Handlungsorientierter Unterricht</subfield><subfield code="0">(DE-Frei129)00041934</subfield><subfield code="0">(DE-588)4125440-5</subfield><subfield code="2">gnd</subfield></datafield><datafield tag="650" ind1=" " ind2="7"><subfield code="a">Geschichtsunterricht</subfield><subfield code="0">(DE-Frei129)00009518</subfield><subfield code="0">(DE-588)4020533-2</subfield><subfield code="2">gnd</subfield></datafield><datafield tag="650" ind1=" " ind2="7"><subfield code="a">Realschule</subfield><subfield code="0">(DE-Frei129)00020184</subfield><subfield code="0">(DE-588)4048689-8</subfield><subfield code="2">gnd</subfield></datafield><datafield tag="650" ind1=" " ind2="7"><subfield code="a">Schuljahr 7-9</subfield><subfield code="0">(DE-Frei129)00077609</subfield><subfield code="0">(DE-588)4224893-0</subfield><subfield code="2">gnd</subfield></datafield><datafield tag="650" ind1=" " ind2="7"><subfield code="a">Fachhochschul-/Hochschulausbildung</subfield><subfield code="0">(DE-Frei129)14259851</subfield><subfield code="2">local</subfield></datafield><datafield tag="650" ind1=" " ind2="7"><subfield code="a">Fachpublikum/ Wissenschaft</subfield><subfield code="0">(DE-Frei129)14259461</subfield><subfield code="2">local</subfield></datafield><datafield tag="650" ind1=" " ind2="7"><subfield code="a">Geschichtsdidaktik</subfield><subfield code="0">(DE-Frei129)02347909</subfield><subfield code="2">local</subfield></datafield><datafield tag="650" ind1=" " ind2="7"><subfield code="a">Geschichtslernen</subfield><subfield code="0">(DE-Frei129)14850943</subfield><subfield code="2">local</subfield></datafield><datafield tag="650" ind1=" " ind2="7"><subfield code="a">Historisches Lernen</subfield><subfield code="0">(DE-Frei129)02503912</subfield><subfield code="2">local</subfield></datafield><datafield tag="650" ind1=" " ind2="7"><subfield code="a">Paperback</subfield><subfield code="x">softback</subfield><subfield code="0">(DE-Frei129)02516355</subfield><subfield code="2">local</subfield></datafield><datafield tag="650" ind1=" " ind2="7"><subfield code="a">Prozessorientierung</subfield><subfield code="0">(DE-Frei129)02493954</subfield><subfield code="2">local</subfield></datafield><datafield tag="650" ind1=" " ind2="7"><subfield code="a">Pädagogik</subfield><subfield code="0">(DE-Frei129)00443214</subfield><subfield code="2">local</subfield></datafield><datafield tag="689" ind1="0" ind2="0"><subfield code="0">(DE-588)4020526-5</subfield><subfield code="D">s</subfield><subfield code="a">Geschichtsbewusstsein </subfield></datafield><datafield tag="689" ind1="0" ind2="1"><subfield code="0">(DE-588)4152726-4</subfield><subfield code="D">s</subfield><subfield code="a">Erfahrungsorientiertes Lernen </subfield></datafield><datafield tag="689" ind1="0" ind2="2"><subfield code="0">(DE-588)4125440-5</subfield><subfield code="D">s</subfield><subfield code="a">Handlungsorientierter Unterricht </subfield></datafield><datafield tag="689" ind1="0" ind2="3"><subfield code="0">(DE-588)4020533-2</subfield><subfield code="D">s</subfield><subfield code="a">Geschichtsunterricht </subfield></datafield><datafield tag="689" ind1="0" ind2="4"><subfield code="0">(DE-588)4048689-8</subfield><subfield code="D">s</subfield><subfield code="a">Realschule </subfield></datafield><datafield tag="689" ind1="0" ind2="5"><subfield code="0">(DE-588)4224893-0</subfield><subfield code="D">s</subfield><subfield code="a">Schuljahr 7-9</subfield><subfield code="5">DE-101</subfield></datafield><datafield tag="689" ind1="1" ind2="0"><subfield code="A">s</subfield><subfield code="a">Fachhochschul-/Hochschulausbildung</subfield><subfield code="5">DE-101</subfield></datafield><datafield tag="689" ind1="2" ind2="0"><subfield code="A">s</subfield><subfield code="a">Fachpublikum/ Wissenschaft</subfield><subfield code="5">DE-101</subfield></datafield><datafield tag="689" ind1="3" ind2="0"><subfield code="A">s</subfield><subfield code="a">Geschichtsdidaktik</subfield><subfield code="5">DE-101</subfield></datafield><datafield tag="689" ind1="4" ind2="0"><subfield code="A">s</subfield><subfield code="a">Geschichtslernen</subfield><subfield code="5">DE-101</subfield></datafield><datafield tag="689" ind1="5" ind2="0"><subfield code="0">(DE-588)4020533-2</subfield><subfield code="D">s</subfield><subfield code="a">Geschichtsunterricht</subfield><subfield code="5">DE-101</subfield></datafield><datafield tag="689" ind1="6" ind2="0"><subfield code="A">s</subfield><subfield code="a">Historisches Lernen</subfield><subfield code="5">DE-101</subfield></datafield><datafield tag="689" ind1="7" ind2="0"><subfield code="A">s</subfield><subfield code="a">Paperback / softback</subfield><subfield code="5">DE-101</subfield></datafield><datafield tag="689" ind1="8" ind2="0"><subfield code="A">s</subfield><subfield code="a">Prozessorientierung</subfield><subfield code="5">DE-101</subfield></datafield><datafield tag="689" ind1="9" ind2="0"><subfield code="A">s</subfield><subfield code="a">Pädagogik</subfield><subfield code="5">DE-101</subfield></datafield><datafield tag="852" ind1=" " ind2=" "><subfield code="a">Frei 129</subfield><subfield code="b">PHFR</subfield><subfield code="c">NB 8100 D241</subfield></datafield><datafield tag="856" ind1="4" ind2=" "><subfield code="8">00</subfield><subfield code="u">http://d-nb.info/1007866829/04</subfield><subfield code="y">Kurzbeschreibung des Verlags</subfield></datafield><datafield tag="856" ind1="4" ind2=" "><subfield code="8">01</subfield><subfield code="u">http://deposit.d-nb.de/cgi-bin/dokserv?id=3553342&amp;prov=M&amp;dok_var=1&amp;dok_ext=htm</subfield><subfield code="y">Verlagsinformation</subfield></datafield><datafield tag="980" ind1="0" ind2=" "><subfield code="a">00217716</subfield><subfield code="9">(PHFR)</subfield><subfield code="b">UG (33)</subfield><subfield code="c">NB 8100 D241</subfield><subfield code="d">Standardleihe (01)</subfield><subfield code="e">Verfügbar (X)</subfield></datafield></record>