
<record><leader>03545nam a2200000uu 4500</leader><controlfield tag="001">02332505</controlfield><controlfield tag="003">DE-Frei129</controlfield><controlfield tag="005">20220811084040.0</controlfield><controlfield tag="007">tu</controlfield><controlfield tag="008">100428s2010    ||||||||||||||||||||ger||</controlfield><datafield tag="015" ind1=" " ind2=" "><subfield code="a">10,A42</subfield></datafield><datafield tag="016" ind1="7" ind2=" "><subfield code="a">1001701275</subfield><subfield code="2">DE-101</subfield></datafield><datafield tag="020" ind1=" " ind2=" "><subfield code="a">9783835406865</subfield><subfield code="9">9783835406865</subfield><subfield code="c">Pp. : EUR 9.95 (DE), EUR 10.30 (AT), sfr 18.90 (freier Pr.)</subfield></datafield><datafield tag="024" ind1="3" ind2=" "><subfield code="a">9783835406865</subfield></datafield><datafield tag="035" ind1=" " ind2=" "><subfield code="a">(DE-576)624858537</subfield></datafield><datafield tag="041" ind1=" " ind2=" "><subfield code="a">ger</subfield></datafield><datafield tag="044" ind1=" " ind2=" "><subfield code="c">XA-DE-BY</subfield></datafield><datafield tag="100" ind1="1" ind2=" "><subfield code="a">Lang, Angelika</subfield><subfield code="0">(DE-Frei129)00091544</subfield><subfield code="0">(DE-588)1023297825</subfield></datafield><datafield tag="245" ind1="1" ind2="0"><subfield code="a">Spuren und Fährten unserer Tiere</subfield><subfield code="b">Trittsiegel, Fraßspuren, Gewölle, Kotspuren, Wohnbauten</subfield><subfield code="c">Angelika Lang</subfield></datafield><datafield tag="250" ind1=" " ind2=" "><subfield code="a">9., durchges. Aufl.</subfield></datafield><datafield tag="260" ind1="3" ind2=" "><subfield code="a">München</subfield><subfield code="b">blv-Buchverl.</subfield><subfield code="c">2010</subfield></datafield><datafield tag="300" ind1=" " ind2=" "><subfield code="a">127 Seiten</subfield><subfield code="b">zahlr. Ill</subfield><subfield code="c">20 cm</subfield></datafield><datafield tag="500" ind1=" " ind2=" "><subfield code="a">IMD-Felder maschinell generiert (GBV)</subfield></datafield><datafield tag="650" ind1=" " ind2="7"><subfield code="a">Tiere</subfield><subfield code="0">(DE-Frei129)00004239</subfield><subfield code="0">(DE-588)4060087-7</subfield><subfield code="2">gnd</subfield></datafield><datafield tag="650" ind1=" " ind2="7"><subfield code="a">Spur</subfield><subfield code="0">(DE-Frei129)00022915</subfield><subfield code="0">(DE-588)4056591-9</subfield><subfield code="2">gnd</subfield></datafield><datafield tag="689" ind1="0" ind2="0"><subfield code="0">(DE-588)4060087-7</subfield><subfield code="D">s</subfield><subfield code="a">Tiere </subfield></datafield><datafield tag="689" ind1="0" ind2="1"><subfield code="0">(DE-588)4056591-9</subfield><subfield code="D">s</subfield><subfield code="a">Spur</subfield><subfield code="5">DE-101</subfield></datafield><datafield tag="852" ind1=" " ind2=" "><subfield code="a">Frei129</subfield><subfield code="c">Bio D 350: 19</subfield></datafield><datafield tag="856" ind1="4" ind2=" "><subfield code="8">00</subfield><subfield code="u">http://d-nb.info/1001701275/04</subfield><subfield code="y">Kurzbeschreibung des Verlags</subfield></datafield><datafield tag="980" ind1="0" ind2=" "><subfield code="a">00227949</subfield><subfield code="9">(PHFR)</subfield><subfield code="b">UG (33)</subfield><subfield code="c">Bio D 350: 19</subfield><subfield code="d">Standardleihe (01)</subfield><subfield code="e">Verfügbar (X)</subfield></datafield></record>