
<record><leader>05054nam a2200000uu 4500</leader><controlfield tag="001">02332487</controlfield><controlfield tag="003">DE-Frei129</controlfield><controlfield tag="005">20220811084040.0</controlfield><controlfield tag="007">tu</controlfield><controlfield tag="008">100929s2010    |||||||||m||||||||||ger||</controlfield><datafield tag="015" ind1=" " ind2=" "><subfield code="a">10,A44</subfield></datafield><datafield tag="016" ind1="7" ind2=" "><subfield code="a">1007115645</subfield><subfield code="2">DE-101</subfield></datafield><datafield tag="020" ind1=" " ind2=" "><subfield code="a">3869554592</subfield><subfield code="9">3869554592</subfield><subfield code="c">kart. : EUR 31.80 (DE)</subfield></datafield><datafield tag="020" ind1=" " ind2=" "><subfield code="a">9783869554594</subfield><subfield code="9">9783869554594</subfield><subfield code="c">: kart. : EUR 31.80 (DE)</subfield></datafield><datafield tag="024" ind1="3" ind2=" "><subfield code="a">9783869554594</subfield></datafield><datafield tag="035" ind1=" " ind2=" "><subfield code="a">(DE-576)635784912</subfield></datafield><datafield tag="041" ind1=" " ind2=" "><subfield code="a">ger</subfield></datafield><datafield tag="044" ind1=" " ind2=" "><subfield code="c">XA-DE-NI</subfield></datafield><datafield tag="100" ind1="1" ind2=" "><subfield code="a">Kuhse, Björn Bernhard</subfield><subfield code="0">(DE-Frei129)00808751</subfield></datafield><datafield tag="245" ind1="1" ind2="0"><subfield code="a">Vanillin - Historie und Schulrelevanz</subfield><subfield code="b">die Geschichte einer regionalen Riechstoffindustrie und deren Verwendung in einem praxisorientierten Chemieunterricht</subfield><subfield code="c">von Björn Bernhard Kuhse</subfield></datafield><datafield tag="250" ind1=" " ind2=" "><subfield code="a">1. Aufl.</subfield></datafield><datafield tag="260" ind1="3" ind2=" "><subfield code="a">Göttingen</subfield><subfield code="b">Cuvillier</subfield><subfield code="c">2010</subfield></datafield><datafield tag="300" ind1=" " ind2=" "><subfield code="a">III, 176 Seiten</subfield><subfield code="b">Ill., graph. Darst.</subfield><subfield code="c">21 cm</subfield></datafield><datafield tag="500" ind1=" " ind2=" "><subfield code="a">Bielefeld</subfield></datafield><datafield tag="500" ind1=" " ind2=" "><subfield code="a">IMD-Felder maschinell generiert (GBV)</subfield></datafield><datafield tag="502" ind1=" " ind2=" "><subfield code="a">Zugl.: Bielefeld, Univ., Diss., 2010</subfield></datafield><datafield tag="648" ind1=" " ind2="7"><subfield code="a">Geschichte</subfield><subfield code="0">(DE-Frei129)00000468</subfield><subfield code="2">local</subfield></datafield><datafield tag="650" ind1=" " ind2="7"><subfield code="a">Vanillin</subfield><subfield code="0">(DE-Frei129)00750924</subfield><subfield code="0">(DE-588)4572822-7</subfield><subfield code="2">gnd</subfield></datafield><datafield tag="650" ind1=" " ind2="7"><subfield code="a">Chemieunterricht</subfield><subfield code="0">(DE-Frei129)00004923</subfield><subfield code="0">(DE-588)4009832-1</subfield><subfield code="2">gnd</subfield></datafield><datafield tag="689" ind1="0" ind2="0"><subfield code="0">(DE-588)4572822-7</subfield><subfield code="D">s</subfield><subfield code="a">Vanillin </subfield></datafield><datafield tag="689" ind1="0" ind2="1"><subfield code="A">s</subfield><subfield code="a">Geschichte</subfield><subfield code="5">DE-101</subfield></datafield><datafield tag="689" ind1="1" ind2="0"><subfield code="0">(DE-588)4572822-7</subfield><subfield code="D">s</subfield><subfield code="a">Vanillin </subfield></datafield><datafield tag="689" ind1="1" ind2="1"><subfield code="0">(DE-588)4009832-1</subfield><subfield code="D">s</subfield><subfield code="a">Chemieunterricht</subfield><subfield code="5">DE-101</subfield></datafield><datafield tag="776" ind1="0" ind2="8"><subfield code="a">von Björn Bernhard Kuhse</subfield><subfield code="i">Erscheint auch als Online-Ausgabe</subfield><subfield code="t">Vanillin - Historie und Schulrelevanz</subfield><subfield code="w">(DE-Frei129)60108894</subfield><subfield code="w">(DE-576)1748481266</subfield></datafield><datafield tag="852" ind1=" " ind2=" "><subfield code="a">Frei129</subfield><subfield code="c">Che E 550: 40</subfield></datafield><datafield tag="856" ind1="4" ind2=" "><subfield code="8">00</subfield><subfield code="u">http://d-nb.info/1007115645/04</subfield><subfield code="y">Kurzbeschreibung des Verlags</subfield></datafield><datafield tag="856" ind1="4" ind2=" "><subfield code="8">01</subfield><subfield code="u">http://deposit.d-nb.de/cgi-bin/dokserv?id=3539861&amp;prov=M&amp;dok_var=1&amp;dok_ext=htm</subfield><subfield code="y">Verlagsinformation</subfield></datafield><datafield tag="980" ind1="0" ind2=" "><subfield code="a">00216897</subfield><subfield code="9">(PHFR)</subfield><subfield code="b">UG (33)</subfield><subfield code="c">Che E 550: 40</subfield><subfield code="d">Standardleihe (01)</subfield><subfield code="e">Verfügbar (X)</subfield></datafield></record>