
<record><leader>04132nam a2200000uu 4500</leader><controlfield tag="001">02332478</controlfield><controlfield tag="003">DE-Frei129</controlfield><controlfield tag="005">20220811084041.0</controlfield><controlfield tag="007">tu</controlfield><controlfield tag="008">100422s2010    ||||||||||||||||||||ger||</controlfield><datafield tag="015" ind1=" " ind2=" "><subfield code="a">10,A35</subfield></datafield><datafield tag="016" ind1="7" ind2=" "><subfield code="a">1001625137</subfield><subfield code="2">DE-101</subfield></datafield><datafield tag="020" ind1=" " ind2=" "><subfield code="a">9783821861265</subfield><subfield code="9">9783821861265</subfield><subfield code="c">Pp. : EUR 14.95 (DE), EUR 15.40 (AT), sfr 25.50 (freier Pr.)</subfield></datafield><datafield tag="024" ind1="3" ind2=" "><subfield code="a">9783821861265</subfield></datafield><datafield tag="035" ind1=" " ind2=" "><subfield code="a">(DE-576)62446959X</subfield></datafield><datafield tag="041" ind1=" " ind2=" "><subfield code="a">ger</subfield></datafield><datafield tag="044" ind1=" " ind2=" "><subfield code="c">XA-DE-HE</subfield></datafield><datafield tag="100" ind1="1" ind2=" "><subfield code="a">Fischer, Marc</subfield><subfield code="0">(DE-Frei129)00898540</subfield><subfield code="0">(DE-588)123095387</subfield><subfield code="4">aut</subfield></datafield><datafield tag="245" ind1="1" ind2="0"><subfield code="a">Fragen, die wir unseren Eltern stellen sollten (solange sie noch da sind)</subfield><subfield code="c">Marc Fischer</subfield></datafield><datafield tag="250" ind1=" " ind2=" "><subfield code="a">1. Aufl.</subfield></datafield><datafield tag="260" ind1="3" ind2=" "><subfield code="a">Frankfurt am Main</subfield><subfield code="b">Eichborn</subfield><subfield code="c">2010</subfield></datafield><datafield tag="300" ind1=" " ind2=" "><subfield code="a">[188] Seiten</subfield><subfield code="c">19 cm</subfield></datafield><datafield tag="500" ind1=" " ind2=" "><subfield code="a">IMD-Felder maschinell generiert (GBV)</subfield></datafield><datafield tag="650" ind1=" " ind2="7"><subfield code="a">Eltern</subfield><subfield code="0">(DE-Frei129)00006830</subfield><subfield code="0">(DE-588)4014516-5</subfield><subfield code="2">gnd</subfield></datafield><datafield tag="650" ind1=" " ind2="7"><subfield code="a">Kind</subfield><subfield code="0">(DE-Frei129)00001633</subfield><subfield code="0">(DE-588)4030550-8</subfield><subfield code="2">gnd</subfield></datafield><datafield tag="650" ind1=" " ind2="7"><subfield code="a">Kinderfrage</subfield><subfield code="0">(DE-Frei129)00038373</subfield><subfield code="0">(DE-588)4120562-5</subfield><subfield code="2">gnd</subfield></datafield><datafield tag="689" ind1="0" ind2="0"><subfield code="0">(DE-588)4014516-5</subfield><subfield code="D">s</subfield><subfield code="a">Eltern </subfield></datafield><datafield tag="689" ind1="0" ind2="1"><subfield code="0">(DE-588)4030550-8</subfield><subfield code="D">s</subfield><subfield code="a">Kind</subfield><subfield code="5">DE-101</subfield></datafield><datafield tag="689" ind1="1" ind2="0"><subfield code="0">(DE-588)4014516-5</subfield><subfield code="D">s</subfield><subfield code="a">Eltern </subfield></datafield><datafield tag="689" ind1="1" ind2="1"><subfield code="0">(DE-588)4120562-5</subfield><subfield code="D">s</subfield><subfield code="a">Kinderfrage</subfield><subfield code="5">DE-101</subfield></datafield><datafield tag="852" ind1=" " ind2=" "><subfield code="a">Frei 129</subfield><subfield code="b">PHFR</subfield><subfield code="c">GN 9999 F529</subfield></datafield><datafield tag="856" ind1="4" ind2=" "><subfield code="8">00</subfield><subfield code="u">http://www.socialnet.de/rezensionen/isbn.php?isbn=978-3-8218-6126-5</subfield><subfield code="y">Rezension</subfield></datafield><datafield tag="980" ind1="0" ind2=" "><subfield code="a">00214154</subfield><subfield code="9">(PHFR)</subfield><subfield code="b">UG (33)</subfield><subfield code="c">Soz F 350: 60</subfield><subfield code="d">Standardleihe (01)</subfield><subfield code="e">Verfügbar (X)</subfield></datafield></record>