
<record><leader>04259nam a2200000uu 4500</leader><controlfield tag="001">02332468</controlfield><controlfield tag="003">DE-Frei129</controlfield><controlfield tag="005">20220811084041.0</controlfield><controlfield tag="007">tu</controlfield><controlfield tag="008">101123s2010    ||||||||||||||||||||ger||</controlfield><datafield tag="020" ind1=" " ind2=" "><subfield code="a">9783258600246</subfield><subfield code="9">9783258600246</subfield><subfield code="c">kart. : EUR 19,90</subfield></datafield><datafield tag="024" ind1="3" ind2=" "><subfield code="a">9783258600246</subfield></datafield><datafield tag="035" ind1=" " ind2=" "><subfield code="a">(DE-576)160657115X</subfield></datafield><datafield tag="041" ind1=" " ind2=" "><subfield code="a">ger</subfield></datafield><datafield tag="100" ind1="1" ind2=" "><subfield code="a">Holdack, Laura</subfield><subfield code="0">(DE-Frei129)00811596</subfield><subfield code="0">(DE-588)133487318</subfield></datafield><datafield tag="245" ind1="1" ind2="0"><subfield code="a">Lieblingssachen für Kinder</subfield><subfield code="b">50 Ideen zum Selbermachen</subfield><subfield code="c">Laura Holdack &amp; Elfrun Otterbach</subfield></datafield><datafield tag="250" ind1=" " ind2=" "><subfield code="a">2. Aufl.</subfield></datafield><datafield tag="260" ind1="3" ind2=" "><subfield code="a">Bern ; Stuttgart ; Wien</subfield><subfield code="b">Haupt Verlag</subfield><subfield code="c">2010</subfield></datafield><datafield tag="300" ind1=" " ind2=" "><subfield code="a">127 Seiten</subfield><subfield code="b">zahlr. Ill.</subfield><subfield code="c">190 mm x 245 mm</subfield></datafield><datafield tag="500" ind1=" " ind2=" "><subfield code="a">Archivierung/Langzeitarchivierung gewährleistet</subfield></datafield><datafield tag="650" ind1=" " ind2="7"><subfield code="a">Dekoration</subfield><subfield code="0">(DE-Frei129)00005462</subfield><subfield code="0">(DE-588)4149033-2</subfield><subfield code="2">gnd</subfield></datafield><datafield tag="650" ind1=" " ind2="7"><subfield code="a">Kind</subfield><subfield code="x">2-5 Jahre</subfield><subfield code="0">(DE-Frei129)04600012</subfield><subfield code="0">(DE-588)4799251-7</subfield><subfield code="2">gnd</subfield></datafield><datafield tag="650" ind1=" " ind2="7"><subfield code="a">Basteln</subfield><subfield code="0">(DE-Frei129)00002815</subfield><subfield code="0">(DE-588)4004668-0</subfield><subfield code="2">gnd</subfield></datafield><datafield tag="651" ind1=" " ind2="7"><subfield code="a">2-5 Jahre</subfield><subfield code="0">(DE-Frei129)00766282</subfield><subfield code="2">local</subfield></datafield><datafield tag="689" ind1="0" ind2="0"><subfield code="0">(DE-588)4149033-2</subfield><subfield code="D">s</subfield><subfield code="a">Dekoration </subfield></datafield><datafield tag="689" ind1="0" ind2="1"><subfield code="0">(DE-588)4799251-7</subfield><subfield code="D">s</subfield><subfield code="a">Kind / 2-5 Jahre </subfield></datafield><datafield tag="689" ind1="0" ind2="2"><subfield code="A">s</subfield><subfield code="a">2-5 Jahre </subfield></datafield><datafield tag="689" ind1="0" ind2="3"><subfield code="0">(DE-588)4004668-0</subfield><subfield code="D">s</subfield><subfield code="a">Basteln</subfield><subfield code="5">DE-101</subfield></datafield><datafield tag="700" ind1="1" ind2=" "><subfield code="0">(DE-588)142890065</subfield><subfield code="0">(DE-Frei129)00812377</subfield><subfield code="a">Otterbach, Elfrun</subfield><subfield code="4">aut</subfield></datafield><datafield tag="852" ind1=" " ind2=" "><subfield code="a">Frei 129</subfield><subfield code="b">PHFR</subfield><subfield code="c">ZS 6400 H726</subfield></datafield><datafield tag="856" ind1="4" ind2=" "><subfield code="8">00</subfield><subfield code="u">http://deposit.d-nb.de/cgi-bin/dokserv?id=3552546&amp;prov=M&amp;dok_var=1&amp;dok_ext=htm</subfield><subfield code="y">Inhaltstext</subfield></datafield><datafield tag="980" ind1="0" ind2=" "><subfield code="a">00215546</subfield><subfield code="9">(PHFR)</subfield><subfield code="b">3.OG (37)</subfield><subfield code="c">ZS 6400 H726</subfield><subfield code="d">Standardleihe (01)</subfield><subfield code="e">Verfügbar (X)</subfield></datafield></record>