
<record><leader>04751nam a2200000uu 4500</leader><controlfield tag="001">02332432</controlfield><controlfield tag="003">DE-Frei129</controlfield><controlfield tag="005">20220811084041.0</controlfield><controlfield tag="007">tu</controlfield><controlfield tag="008">101119s2010    ||||||||||||||||||||ger||</controlfield><datafield tag="020" ind1=" " ind2=" "><subfield code="a">9783150092613</subfield><subfield code="9">9783150092613</subfield></datafield><datafield tag="024" ind1="3" ind2=" "><subfield code="a">9783150092613</subfield></datafield><datafield tag="035" ind1=" " ind2=" "><subfield code="a">(DE-576)1606528505</subfield></datafield><datafield tag="041" ind1=" " ind2=" "><subfield code="a">ger</subfield><subfield code="a">eng</subfield></datafield><datafield tag="245" ind1="1" ind2="0"><subfield code="a">Contemporary Canadian short stories</subfield><subfield code="b">Atwood, Findley, MacLeod, Munro, Richler, Valgardson, Wiebe</subfield><subfield code="c">hrsg. von Klaus Peter Müller</subfield></datafield><datafield tag="250" ind1=" " ind2=" "><subfield code="a">bibliogr. erg. Ausg. 2002, [Nachdr.]</subfield></datafield><datafield tag="260" ind1="3" ind2=" "><subfield code="a">Stuttgart</subfield><subfield code="b">Reclam</subfield><subfield code="c">2010</subfield></datafield><datafield tag="300" ind1=" " ind2=" "><subfield code="a">186 Seiten</subfield></datafield><datafield tag="490" ind1="0" ind2=" "><subfield code="a">Universal-Bibliothek </subfield><subfield code="v">9261</subfield></datafield><datafield tag="500" ind1=" " ind2=" "><subfield code="a">Text engl., Einl. u. Hinweise dt.</subfield></datafield><datafield tag="500" ind1=" " ind2=" "><subfield code="a">Archivierung/Langzeitarchivierung gewährleistet</subfield></datafield><datafield tag="648" ind1=" " ind2="7"><subfield code="a">Geschichte 1968-1984</subfield><subfield code="0">(DE-Frei129)00086453</subfield><subfield code="2">local</subfield></datafield><datafield tag="650" ind1=" " ind2="7"><subfield code="a">Englisch</subfield><subfield code="0">(DE-Frei129)00006961</subfield><subfield code="0">(DE-588)4014777-0</subfield><subfield code="2">gnd</subfield></datafield><datafield tag="650" ind1=" " ind2="7"><subfield code="a">Kurzgeschichte</subfield><subfield code="0">(DE-Frei129)00014667</subfield><subfield code="0">(DE-588)4033842-3</subfield><subfield code="2">gnd</subfield></datafield><datafield tag="651" ind1=" " ind2="7"><subfield code="a">Kanada</subfield><subfield code="0">(DE-Frei129)00012949</subfield><subfield code="0">(DE-588)4029456-0</subfield><subfield code="2">gnd</subfield></datafield><datafield tag="689" ind1="0" ind2="0"><subfield code="0">(DE-588)4029456-0</subfield><subfield code="D">g</subfield><subfield code="a">Kanada </subfield></datafield><datafield tag="689" ind1="0" ind2="1"><subfield code="0">(DE-588)4014777-0</subfield><subfield code="D">s</subfield><subfield code="a">Englisch </subfield></datafield><datafield tag="689" ind1="0" ind2="2"><subfield code="0">(DE-588)4033842-3</subfield><subfield code="D">s</subfield><subfield code="a">Kurzgeschichte </subfield></datafield><datafield tag="689" ind1="0" ind2="3"><subfield code="A">s</subfield><subfield code="a">Geschichte 1968-1984</subfield><subfield code="5">DE-101</subfield></datafield><datafield tag="700" ind1="1" ind2=" "><subfield code="0">(DE-588)118646168</subfield><subfield code="0">(DE-Frei129)00001716</subfield><subfield code="a">Atwood, Margaret</subfield><subfield code="4">oth</subfield></datafield><datafield tag="700" ind1="1" ind2=" "><subfield code="0">(DE-588)1047610809</subfield><subfield code="0">(DE-Frei129)01222827</subfield><subfield code="a">Müller, Klaus Peter</subfield><subfield code="4">Hrsg.</subfield></datafield><datafield tag="852" ind1=" " ind2=" "><subfield code="a">Frei 129</subfield><subfield code="b">PHFR</subfield><subfield code="c">HG 827 A887</subfield></datafield><datafield tag="856" ind1="4" ind2=" "><subfield code="8">00</subfield><subfield code="u">http://d-nb.info/1126998907/04</subfield><subfield code="y">Inhaltsverzeichnis</subfield></datafield><datafield tag="980" ind1="0" ind2=" "><subfield code="a">00216484</subfield><subfield code="9">(PHFR)</subfield><subfield code="b">2.OG (35)</subfield><subfield code="c">HG 827 A887</subfield><subfield code="d">Standardleihe (01)</subfield><subfield code="e">Verfügbar (X)</subfield></datafield><datafield tag="980" ind1="0" ind2=" "><subfield code="a">00285231</subfield><subfield code="9">(PHFR)</subfield><subfield code="b">Handbibliothek (50)</subfield><subfield code="c">Fre O 580: 312</subfield><subfield code="d">Handbibliothek - nie verleihbar (54)</subfield><subfield code="e">Verfügbar (X)</subfield></datafield></record>