
<record><leader>02534nam a2200000uu 4500</leader><controlfield tag="001">02332431</controlfield><controlfield tag="003">DE-Frei129</controlfield><controlfield tag="005">20220811084041.0</controlfield><controlfield tag="007">tu</controlfield><controlfield tag="008">101119s2010    ||||||||||||||||||||ger||</controlfield><datafield tag="015" ind1=" " ind2=" "><subfield code="a">10,N19</subfield></datafield><datafield tag="016" ind1="7" ind2=" "><subfield code="a">1002308674</subfield><subfield code="2">DE-101</subfield></datafield><datafield tag="020" ind1=" " ind2=" "><subfield code="a">9783991000235</subfield><subfield code="9">9783991000235</subfield><subfield code="c">GB. : ca. EUR 24.90, ca. EUR 24.90 (AT), ca. sfr 41.50 (freier Pr.)</subfield></datafield><datafield tag="024" ind1="3" ind2=" "><subfield code="a">9783991000235</subfield></datafield><datafield tag="035" ind1=" " ind2=" "><subfield code="a">(DE-576)1606527045</subfield></datafield><datafield tag="041" ind1=" " ind2=" "><subfield code="a">ger</subfield></datafield><datafield tag="245" ind1="1" ind2="0"><subfield code="a">Oskar Werner</subfield><subfield code="b">Abgründe eines Giganten</subfield><subfield code="c">Robert Dachs</subfield></datafield><datafield tag="250" ind1=" " ind2=" "><subfield code="a">1. Aufl.</subfield></datafield><datafield tag="260" ind1="3" ind2=" "><subfield code="a">Wien</subfield><subfield code="b">Braumüller</subfield><subfield code="c">2010</subfield></datafield><datafield tag="300" ind1=" " ind2=" "><subfield code="a">207  Seiten</subfield><subfield code="b">zahlr. Ill.</subfield><subfield code="c">210 mm x 148 mm</subfield></datafield><datafield tag="600" ind1="1" ind2="7"><subfield code="0">(DE-Frei129)00713044</subfield><subfield code="0">(DE-588)118767186</subfield><subfield code="a">Werner, Oskar</subfield><subfield code="2">gnd</subfield></datafield><datafield tag="700" ind1="1" ind2=" "><subfield code="0">(DE-Frei129)00788731</subfield><subfield code="a">Dachs, Robert</subfield><subfield code="4">aut</subfield></datafield><datafield tag="852" ind1=" " ind2=" "><subfield code="a">Frei 129</subfield><subfield code="b">PHFR</subfield><subfield code="c">AP 44200 D117</subfield></datafield><datafield tag="980" ind1="0" ind2=" "><subfield code="a">00214602</subfield><subfield code="9">(PHFR)</subfield><subfield code="b">UG (33)</subfield><subfield code="c">AP 44200 D117</subfield><subfield code="d">Standardleihe (01)</subfield><subfield code="e">Verfügbar (X)</subfield></datafield></record>