
<record><leader>04232nam a2200000uu 4500</leader><controlfield tag="001">02332356</controlfield><controlfield tag="003">DE-Frei129</controlfield><controlfield tag="005">20220811084041.0</controlfield><controlfield tag="007">tu</controlfield><controlfield tag="008">100901s2010    ||||||||||||||||||||ger||</controlfield><datafield tag="016" ind1="7" ind2=" "><subfield code="a">1006096647</subfield><subfield code="2">DE-101</subfield></datafield><datafield tag="020" ind1=" " ind2=" "><subfield code="a">9783838201627</subfield><subfield code="9">9783838201627</subfield><subfield code="c">Pp. : EUR 32.90 (DE)</subfield></datafield><datafield tag="020" ind1=" " ind2=" "><subfield code="a">3838201620</subfield><subfield code="9">3838201620</subfield></datafield><datafield tag="024" ind1="3" ind2=" "><subfield code="a">9783838201627</subfield></datafield><datafield tag="035" ind1=" " ind2=" "><subfield code="a">(DE-576)634389300</subfield></datafield><datafield tag="041" ind1=" " ind2=" "><subfield code="a">ger</subfield></datafield><datafield tag="044" ind1=" " ind2=" "><subfield code="c">XA-DE-BW</subfield></datafield><datafield tag="100" ind1="1" ind2=" "><subfield code="a">Max, Klemens</subfield><subfield code="0">(DE-Frei129)00811302</subfield><subfield code="0">(DE-588)123998573</subfield></datafield><datafield tag="245" ind1="1" ind2="0"><subfield code="a">Schulpolitische Überlegungen für das 21. Jahrhundert</subfield><subfield code="b">eine Frontalschrift zur Rettung des Gymnasiums</subfield><subfield code="c">Klemens Max</subfield></datafield><datafield tag="260" ind1="3" ind2=" "><subfield code="a">Stuttgart</subfield><subfield code="b">Ibidem Verl., Ed. Noe͏̈ma</subfield><subfield code="c">2010</subfield></datafield><datafield tag="300" ind1=" " ind2=" "><subfield code="a">79 Seiten</subfield><subfield code="b">graph. Darst.</subfield><subfield code="c">22 cm</subfield></datafield><datafield tag="490" ind1="0" ind2=" "><subfield code="a">Edition Noëma</subfield></datafield><datafield tag="500" ind1=" " ind2=" "><subfield code="a">Literaturverz. S.77 - 79</subfield></datafield><datafield tag="500" ind1=" " ind2=" "><subfield code="a">IMD-Felder maschinell generiert (GBV)</subfield></datafield><datafield tag="500" ind1=" " ind2=" "><subfield code="a">Archivierung/Langzeitarchivierung gewährleistet</subfield></datafield><datafield tag="650" ind1=" " ind2="7"><subfield code="a">Bildungspolitik</subfield><subfield code="0">(DE-Frei129)00003912</subfield><subfield code="0">(DE-588)4006667-8</subfield><subfield code="2">gnd</subfield></datafield><datafield tag="650" ind1=" " ind2="7"><subfield code="a">Gymnasium</subfield><subfield code="0">(DE-Frei129)00010363</subfield><subfield code="0">(DE-588)4022648-7</subfield><subfield code="2">gnd</subfield></datafield><datafield tag="651" ind1=" " ind2="7"><subfield code="a">Deutschland</subfield><subfield code="0">(DE-Frei129)00005806</subfield><subfield code="0">(DE-588)4011882-4</subfield><subfield code="2">gnd</subfield></datafield><datafield tag="689" ind1="0" ind2="0"><subfield code="0">(DE-588)4011882-4</subfield><subfield code="D">g</subfield><subfield code="a">Deutschland </subfield></datafield><datafield tag="689" ind1="0" ind2="1"><subfield code="0">(DE-588)4006667-8</subfield><subfield code="D">s</subfield><subfield code="a">Bildungspolitik </subfield></datafield><datafield tag="689" ind1="0" ind2="2"><subfield code="0">(DE-588)4022648-7</subfield><subfield code="D">s</subfield><subfield code="a">Gymnasium</subfield><subfield code="5">DE-101</subfield></datafield><datafield tag="852" ind1=" " ind2=" "><subfield code="a">Frei129</subfield><subfield code="c">Paed L 360: 30</subfield></datafield><datafield tag="856" ind1="4" ind2=" "><subfield code="8">00</subfield><subfield code="u">http://d-nb.info/1006096647/04</subfield><subfield code="y">Kurzbeschreibung des Verlags</subfield></datafield><datafield tag="980" ind1="0" ind2=" "><subfield code="a">00216792</subfield><subfield code="9">(PHFR)</subfield><subfield code="b">EG-Anbau (32)</subfield><subfield code="c">Paed L 360: 30</subfield><subfield code="d">Standardleihe (01)</subfield><subfield code="e">Verfügbar (X)</subfield></datafield></record>