
<record><leader>02594nam a2200000uu 4500</leader><controlfield tag="001">02332328</controlfield><controlfield tag="003">DE-Frei129</controlfield><controlfield tag="005">20220811084041.0</controlfield><controlfield tag="007">tu</controlfield><controlfield tag="008">101115s2010    ||||||||||||||||||||ger||</controlfield><datafield tag="020" ind1=" " ind2=" "><subfield code="a">9783940580337</subfield><subfield code="9">978-3-940580-33-7</subfield><subfield code="c">kart. : EUR 9.90</subfield></datafield><datafield tag="024" ind1="3" ind2=" "><subfield code="a">9783940580337</subfield></datafield><datafield tag="035" ind1=" " ind2=" "><subfield code="a">(DE-576)1606418041</subfield></datafield><datafield tag="041" ind1=" " ind2=" "><subfield code="a">ger</subfield></datafield><datafield tag="044" ind1=" " ind2=" "><subfield code="c">XA-DE-NW</subfield></datafield><datafield tag="245" ind1="1" ind2="0"><subfield code="a">Mahlzeit, Kinder!</subfield><subfield code="b">Ernährungstipps und Rezepte für eilige Eltern</subfield><subfield code="c">[Text Iris Schürmann-Mock. Verbraucherzentrale. Hrsg. Verbraucherzentrale Nordrhein-Westfalen e.V. Mithrsg. Verbraucherzentrale Bundesverband e.V. ...]</subfield></datafield><datafield tag="250" ind1=" " ind2=" "><subfield code="a">4. Auflage in kompletter Überarbeitung</subfield></datafield><datafield tag="260" ind1="3" ind2=" "><subfield code="a">Düsseldorf</subfield><subfield code="b">Verbraucherzentrale NRW</subfield><subfield code="c">2010</subfield></datafield><datafield tag="300" ind1=" " ind2=" "><subfield code="a">222 Seiten</subfield><subfield code="b">Illustrationen</subfield></datafield><datafield tag="700" ind1="1" ind2=" "><subfield code="0">(DE-588)123183863</subfield><subfield code="0">(DE-Frei129)00097313</subfield><subfield code="a">Schürmann-Mock, Iris</subfield><subfield code="4">aut</subfield></datafield><datafield tag="700" ind1="1" ind2=" "><subfield code="0">(DE-588)119137143</subfield><subfield code="0">(DE-Frei129)00086152</subfield><subfield code="a">Erlbruch, Wolf</subfield></datafield><datafield tag="852" ind1=" " ind2=" "><subfield code="a">Frei 129</subfield><subfield code="b">PHFR</subfield><subfield code="c">ZE 43300 S385 (4)</subfield></datafield><datafield tag="980" ind1="0" ind2=" "><subfield code="a">00334106</subfield><subfield code="9">(PHFR)</subfield><subfield code="b">Handbibliothek (50)</subfield><subfield code="c">HTW B 600: 14</subfield><subfield code="d">Handbibliothek - nie verleihbar (54)</subfield><subfield code="e">Verfügbar (X)</subfield></datafield></record>