
<record><leader>03738nam a2200000uu 4500</leader><controlfield tag="001">02332243</controlfield><controlfield tag="003">DE-Frei129</controlfield><controlfield tag="005">20220811084041.0</controlfield><controlfield tag="007">tu</controlfield><controlfield tag="008">101214s2010    ||||||||||||||||||||ger||</controlfield><datafield tag="020" ind1=" " ind2=" "><subfield code="a">9783865213488</subfield><subfield code="9">9783865213488</subfield></datafield><datafield tag="024" ind1="3" ind2=" "><subfield code="a">9783865213488</subfield></datafield><datafield tag="035" ind1=" " ind2=" "><subfield code="a">(DE-576)641634447</subfield></datafield><datafield tag="041" ind1=" " ind2=" "><subfield code="a">ger</subfield></datafield><datafield tag="044" ind1=" " ind2=" "><subfield code="c">XA-DE-NI</subfield></datafield><datafield tag="245" ind1="1" ind2="4"><subfield code="a">Die Fische von Berlin</subfield><subfield code="b">Roman</subfield><subfield code="c">Eleonora Hummel</subfield></datafield><datafield tag="250" ind1=" " ind2=" "><subfield code="a">[Nachdr.]</subfield></datafield><datafield tag="260" ind1="3" ind2=" "><subfield code="a">Göttingen</subfield><subfield code="b">Steidl Verl.</subfield><subfield code="c">2010</subfield></datafield><datafield tag="300" ind1=" " ind2=" "><subfield code="a">223  Seiten</subfield></datafield><datafield tag="490" ind1="1" ind2=" "><subfield code="a">Steidl-Taschenbuch</subfield><subfield code="v">205</subfield></datafield><datafield tag="500" ind1=" " ind2=" "><subfield code="a">IMD-Felder maschinell generiert (GBV)</subfield></datafield><datafield tag="650" ind1=" " ind2="7"><subfield code="a">Junge Frau</subfield><subfield code="0">(DE-Frei129)00060342</subfield><subfield code="0">(DE-588)4162897-4</subfield><subfield code="2">gnd</subfield></datafield><datafield tag="650" ind1=" " ind2="7"><subfield code="a">Großvater</subfield><subfield code="0">(DE-Frei129)00058736</subfield><subfield code="0">(DE-588)4158313-9</subfield><subfield code="2">gnd</subfield></datafield><datafield tag="650" ind1=" " ind2="7"><subfield code="a">Russlanddeutsche</subfield><subfield code="0">(DE-Frei129)00026670</subfield><subfield code="0">(DE-588)4076904-5</subfield><subfield code="2">gnd</subfield></datafield><datafield tag="689" ind1="0" ind2="0"><subfield code="0">(DE-588)4162897-4</subfield><subfield code="D">s</subfield><subfield code="a">Junge Frau </subfield></datafield><datafield tag="689" ind1="0" ind2="1"><subfield code="0">(DE-588)4158313-9</subfield><subfield code="D">s</subfield><subfield code="a">Großvater </subfield></datafield><datafield tag="689" ind1="0" ind2="2"><subfield code="0">(DE-588)4076904-5</subfield><subfield code="D">s</subfield><subfield code="a">Russlanddeutsche</subfield><subfield code="5">DE-101</subfield></datafield><datafield tag="700" ind1="1" ind2=" "><subfield code="0">(DE-588)129892351</subfield><subfield code="0">(DE-Frei129)00811010</subfield><subfield code="a">Hummel, Eleonora</subfield><subfield code="4">aut</subfield></datafield><datafield tag="830" ind1=" " ind2="0"><subfield code="a">Steidl-Taschenbuch</subfield><subfield code="v">205</subfield><subfield code="w">(DE-Frei129)00111818</subfield><subfield code="9">3205</subfield></datafield><datafield tag="852" ind1=" " ind2=" "><subfield code="a">Frei 129</subfield><subfield code="b">PHFR</subfield><subfield code="c">GN 9999 H925</subfield></datafield><datafield tag="980" ind1="0" ind2=" "><subfield code="a">00214849</subfield><subfield code="9">(PHFR)</subfield><subfield code="b">2.OG (35)</subfield><subfield code="c">GN 9999 H925</subfield><subfield code="d">Standardleihe (01)</subfield><subfield code="e">Verfügbar (X)</subfield></datafield></record>