
<record><leader>04410nam a2200000uu 4500</leader><controlfield tag="001">02332175</controlfield><controlfield tag="003">DE-Frei129</controlfield><controlfield tag="005">20220811084041.0</controlfield><controlfield tag="007">tu</controlfield><controlfield tag="008">100527s2010    ||||||||||||||||||||ger||</controlfield><datafield tag="015" ind1=" " ind2=" "><subfield code="a">10,A34</subfield></datafield><datafield tag="016" ind1="7" ind2=" "><subfield code="a">1002583403</subfield><subfield code="2">DE-101</subfield></datafield><datafield tag="020" ind1=" " ind2=" "><subfield code="a">9783899599961</subfield><subfield code="9">9783899599961</subfield><subfield code="c">kart. : EUR 23.90 (DE)</subfield></datafield><datafield tag="024" ind1="3" ind2=" "><subfield code="a">9783899599961</subfield></datafield><datafield tag="035" ind1=" " ind2=" "><subfield code="a">(DE-576)626840422</subfield></datafield><datafield tag="041" ind1=" " ind2=" "><subfield code="a">ger</subfield></datafield><datafield tag="044" ind1=" " ind2=" "><subfield code="c">XA-DE-SH</subfield></datafield><datafield tag="245" ind1="1" ind2="0"><subfield code="a">Perspektivenvielfalt beim Lernen lernen im europäischen Kontext für Multikultur, Mehrsprachigkeit &amp; Migrationsproblematik</subfield><subfield code="c">Werner Becker (Hrsg.)</subfield></datafield><datafield tag="260" ind1="3" ind2=" "><subfield code="a">Tönning ; Lübeck ; Marburg</subfield><subfield code="b">Der Andere Verl.</subfield><subfield code="c">2010</subfield></datafield><datafield tag="300" ind1=" " ind2=" "><subfield code="a">117 Seiten</subfield><subfield code="b">graph. Darst.</subfield><subfield code="c">210 mm x 150 mm</subfield></datafield><datafield tag="500" ind1=" " ind2=" "><subfield code="a">Literaturangaben</subfield></datafield><datafield tag="500" ind1=" " ind2=" "><subfield code="a">IMD-Felder maschinell generiert (GBV)</subfield></datafield><datafield tag="650" ind1=" " ind2="7"><subfield code="a">Mehrsprachigkeit</subfield><subfield code="0">(DE-Frei129)00016327</subfield><subfield code="0">(DE-588)4038403-2</subfield><subfield code="2">gnd</subfield></datafield><datafield tag="650" ind1=" " ind2="7"><subfield code="a">Migrationshintergrund</subfield><subfield code="0">(DE-Frei129)00002278</subfield><subfield code="0">(DE-588)7544915-8</subfield><subfield code="2">gnd</subfield></datafield><datafield tag="650" ind1=" " ind2="7"><subfield code="a">Bildungssystem</subfield><subfield code="0">(DE-Frei129)00003928</subfield><subfield code="0">(DE-588)4069467-7</subfield><subfield code="2">gnd</subfield></datafield><datafield tag="651" ind1=" " ind2="7"><subfield code="a">Luxemburg</subfield><subfield code="0">(DE-Frei129)00015733</subfield><subfield code="0">(DE-588)4036728-9</subfield><subfield code="2">gnd</subfield></datafield><datafield tag="689" ind1="0" ind2="0"><subfield code="0">(DE-588)4036728-9</subfield><subfield code="D">g</subfield><subfield code="a">Luxemburg </subfield></datafield><datafield tag="689" ind1="0" ind2="1"><subfield code="0">(DE-588)4038403-2</subfield><subfield code="D">s</subfield><subfield code="a">Mehrsprachigkeit </subfield></datafield><datafield tag="689" ind1="0" ind2="2"><subfield code="0">(DE-588)7544915-8</subfield><subfield code="D">s</subfield><subfield code="a">Migrationshintergrund </subfield></datafield><datafield tag="689" ind1="0" ind2="3"><subfield code="0">(DE-588)4069467-7</subfield><subfield code="D">s</subfield><subfield code="a">Bildungssystem</subfield><subfield code="5">DE-101</subfield></datafield><datafield tag="700" ind1="1" ind2=" "><subfield code="0">(DE-Frei129)00003627</subfield><subfield code="a">Becker, Werner</subfield><subfield code="4">Hrsg.</subfield></datafield><datafield tag="852" ind1=" " ind2=" "><subfield code="a">Frei 129</subfield><subfield code="b">PHFR</subfield><subfield code="c">ER 930 B396</subfield></datafield><datafield tag="856" ind1="4" ind2=" "><subfield code="8">00</subfield><subfield code="u">http://d-nb.info/1002583403/04</subfield><subfield code="y">Inhaltsverzeichnis</subfield></datafield><datafield tag="980" ind1="0" ind2=" "><subfield code="a">00214052</subfield><subfield code="9">(PHFR)</subfield><subfield code="b">2.OG (35)</subfield><subfield code="c">ER 930 B396</subfield><subfield code="d">Standardleihe (01)</subfield><subfield code="e">Verfügbar (X)</subfield></datafield></record>