
<record><leader>04738nam a2200000uuc4500</leader><controlfield tag="001">02332094</controlfield><controlfield tag="003">DE-Frei129</controlfield><controlfield tag="005">20220811084041.0</controlfield><controlfield tag="007">tu</controlfield><controlfield tag="008">101105s2010    ||||||||||||||||||||eng||</controlfield><datafield tag="015" ind1=" " ind2=" "><subfield code="a">10,N31</subfield></datafield><datafield tag="016" ind1="7" ind2=" "><subfield code="a">1004963297</subfield><subfield code="2">DE-101</subfield></datafield><datafield tag="020" ind1=" " ind2=" "><subfield code="a">9783125780255</subfield><subfield code="9">9783125780255</subfield><subfield code="c">EUR 8.95, sfr 14.20 (freier Pr.)</subfield></datafield><datafield tag="024" ind1="3" ind2=" "><subfield code="a">9783125780255</subfield></datafield><datafield tag="035" ind1=" " ind2=" "><subfield code="a">(DE-576)1403068690</subfield></datafield><datafield tag="041" ind1=" " ind2=" "><subfield code="a">eng</subfield><subfield code="a">ger</subfield></datafield><datafield tag="044" ind1=" " ind2=" "><subfield code="c">XA-DE-BW</subfield></datafield><datafield tag="100" ind1="1" ind2=" "><subfield code="a">Doherty, Berlie</subfield><subfield code="0">(DE-Frei129)00808375</subfield><subfield code="0">(DE-588)120869322</subfield></datafield><datafield tag="245" ind1="1" ind2="0"><subfield code="a">Be strong, my Abela</subfield><subfield code="n">[Buch]</subfield><subfield code="p">Be strong, my Abela / Berlie Doherty. Annot. by Mechthild Hesse</subfield><subfield code="c">Berlie Doherty</subfield></datafield><datafield tag="250" ind1=" " ind2=" "><subfield code="a">1. Aufl.</subfield></datafield><datafield tag="260" ind1="3" ind2=" "><subfield code="a">Stuttgart</subfield><subfield code="b">Klett</subfield><subfield code="c">2010</subfield></datafield><datafield tag="300" ind1=" " ind2=" "><subfield code="a">157 Seiten</subfield></datafield><datafield tag="490" ind1="0" ind2=" "><subfield code="a">Klett English editions</subfield></datafield><datafield tag="500" ind1=" " ind2=" "><subfield code="a">Sprachniveau B1</subfield></datafield><datafield tag="500" ind1=" " ind2=" "><subfield code="a">Archivierung/Langzeitarchivierung gewährleistet</subfield></datafield><datafield tag="650" ind1=" " ind2="7"><subfield code="a">Englisch</subfield><subfield code="0">(DE-Frei129)00006961</subfield><subfield code="0">(DE-588)4014777-0</subfield><subfield code="2">gnd</subfield></datafield><datafield tag="650" ind1=" " ind2="7"><subfield code="a">Englischunterricht</subfield><subfield code="0">(DE-Frei129)00006965</subfield><subfield code="0">(DE-588)4014801-4</subfield><subfield code="2">gnd</subfield></datafield><datafield tag="650" ind1=" " ind2="7"><subfield code="a">Fremdsprachenlektüre</subfield><subfield code="0">(DE-Frei129)00057650</subfield><subfield code="0">(DE-588)4155383-4</subfield><subfield code="2">gnd</subfield></datafield><datafield tag="650" ind1=" " ind2="7"><subfield code="a">Literatur</subfield><subfield code="0">(DE-Frei129)00004520</subfield><subfield code="0">(DE-588)4035964-5</subfield><subfield code="2">gnd</subfield></datafield><datafield tag="689" ind1="0" ind2="0"><subfield code="0">(DE-588)4014777-0</subfield><subfield code="D">s</subfield><subfield code="a">Englisch </subfield></datafield><datafield tag="689" ind1="0" ind2="1"><subfield code="0">(DE-588)4014801-4</subfield><subfield code="D">s</subfield><subfield code="a">Englischunterricht </subfield></datafield><datafield tag="689" ind1="0" ind2="2"><subfield code="0">(DE-588)4155383-4</subfield><subfield code="D">s</subfield><subfield code="a">Fremdsprachenlektüre </subfield></datafield><datafield tag="689" ind1="0" ind2="3"><subfield code="0">(DE-588)4035964-5</subfield><subfield code="D">s</subfield><subfield code="a">Literatur</subfield><subfield code="5">DE-101</subfield></datafield><datafield tag="700" ind1="1" ind2=" "><subfield code="0">(DE-588)123490812</subfield><subfield code="0">(DE-Frei129)00127002</subfield><subfield code="a">Hesse, Mechthild</subfield><subfield code="4">oth</subfield></datafield><datafield tag="773" ind1="0" ind2="8"><subfield code="w">(DE-Frei129)02263250</subfield><subfield code="q">[BUCH]</subfield></datafield><datafield tag="852" ind1=" " ind2=" "><subfield code="a">Frei 129</subfield><subfield code="b">PHFR</subfield><subfield code="c">HN 9990 D655 B3</subfield></datafield><datafield tag="980" ind1="0" ind2=" "><subfield code="a">00216798</subfield><subfield code="9">(PHFR)</subfield><subfield code="b">2.OG (35)</subfield><subfield code="c">HN 9990 D655 B3</subfield><subfield code="d">Standardleihe (01)</subfield><subfield code="e">Verfügbar (X)</subfield></datafield></record>