
<record><leader>03581nam a2200000uu 4500</leader><controlfield tag="001">02332043</controlfield><controlfield tag="003">DE-Frei129</controlfield><controlfield tag="005">20220811084041.0</controlfield><controlfield tag="007">tu</controlfield><controlfield tag="008">101103s2010    ||||||||||||||||||||ger||</controlfield><datafield tag="015" ind1=" " ind2=" "><subfield code="a">10,A42</subfield></datafield><datafield tag="016" ind1="7" ind2=" "><subfield code="a">1006824596</subfield><subfield code="2">DE-101</subfield></datafield><datafield tag="020" ind1=" " ind2=" "><subfield code="a">9783723514061</subfield><subfield code="9">978-3-7235-1406-1</subfield><subfield code="c">kart. : ca. EUR 13.00 (DE), ca. sfr 20.00 (freier Pr.)</subfield></datafield><datafield tag="024" ind1="3" ind2=" "><subfield code="a">9783723514061</subfield></datafield><datafield tag="024" ind1="8" ind2=" "><subfield code="a">Best.-Nr.</subfield></datafield><datafield tag="035" ind1=" " ind2=" "><subfield code="a">(DE-576)1606222090</subfield></datafield><datafield tag="041" ind1=" " ind2=" "><subfield code="a">ger</subfield></datafield><datafield tag="044" ind1=" " ind2=" "><subfield code="c">XA-CH</subfield></datafield><datafield tag="100" ind1="1" ind2=" "><subfield code="a">Heisterkamp, Jens</subfield><subfield code="0">(DE-Frei129)00223920</subfield></datafield><datafield tag="245" ind1="1" ind2="0"><subfield code="a">Was ist Anthroposophie?</subfield><subfield code="b">Einladung zur Entdeckung des Menschen</subfield><subfield code="c">Jens Heisterkamp</subfield></datafield><datafield tag="250" ind1=" " ind2=" "><subfield code="a">3. Aufl.</subfield></datafield><datafield tag="260" ind1="3" ind2=" "><subfield code="a">Dornach</subfield><subfield code="b">Verl. am Goetheanum</subfield><subfield code="c">2010</subfield></datafield><datafield tag="300" ind1=" " ind2=" "><subfield code="a">131  Seiten</subfield><subfield code="c">22 cm</subfield></datafield><datafield tag="500" ind1=" " ind2=" "><subfield code="a">Literaturangaben</subfield></datafield><datafield tag="500" ind1=" " ind2=" "><subfield code="a">5090: ddsu/sred</subfield></datafield><datafield tag="650" ind1=" " ind2="7"><subfield code="a">Anthroposophie</subfield><subfield code="0">(DE-Frei129)00001462</subfield><subfield code="0">(DE-588)4002237-7</subfield><subfield code="2">gnd</subfield></datafield><datafield tag="655" ind1=" " ind2="7"><subfield code="a">Einführung</subfield><subfield code="0">(DE-Frei129)00000012</subfield><subfield code="2">local</subfield></datafield><datafield tag="689" ind1="0" ind2="0"><subfield code="0">(DE-588)4002237-7</subfield><subfield code="D">s</subfield><subfield code="a">Anthroposophie </subfield></datafield><datafield tag="689" ind1="0" ind2="1"><subfield code="A">s</subfield><subfield code="a">Einführung</subfield><subfield code="5">DE-101</subfield></datafield><datafield tag="852" ind1=" " ind2=" "><subfield code="a">Frei129</subfield><subfield code="c">Phil P 900: 10</subfield></datafield><datafield tag="856" ind1="4" ind2=" "><subfield code="8">00</subfield><subfield code="u">http://deposit.d-nb.de/cgi-bin/dokserv?id=3535378&amp;prov=M&amp;dok_var=1&amp;dok_ext=htm</subfield><subfield code="y">Inhaltstext</subfield></datafield><datafield tag="980" ind1="0" ind2=" "><subfield code="a">00216676</subfield><subfield code="9">(PHFR)</subfield><subfield code="b">EG-Anbau (32)</subfield><subfield code="c">Phil P 900: 10</subfield><subfield code="d">Standardleihe (01)</subfield><subfield code="e">Verfügbar (X)</subfield></datafield></record>