
<record><leader>05186nam a2200000uu 4500</leader><controlfield tag="001">02331990</controlfield><controlfield tag="003">DE-Frei129</controlfield><controlfield tag="005">20220811084041.0</controlfield><controlfield tag="007">tu</controlfield><controlfield tag="008">100922s2010    ||||||||||||||||||||ger||</controlfield><datafield tag="015" ind1=" " ind2=" "><subfield code="a">10,N38</subfield></datafield><datafield tag="016" ind1="7" ind2=" "><subfield code="a">1007027479</subfield><subfield code="2">DE-101</subfield></datafield><datafield tag="020" ind1=" " ind2=" "><subfield code="a">9783826675669</subfield><subfield code="9">9783826675669</subfield><subfield code="c">Gb. : ca. EUR 12.95 (DE)</subfield></datafield><datafield tag="024" ind1="3" ind2=" "><subfield code="a">9783826675669</subfield></datafield><datafield tag="035" ind1=" " ind2=" "><subfield code="a">(DE-576)635468549</subfield></datafield><datafield tag="041" ind1=" " ind2=" "><subfield code="a">ger</subfield></datafield><datafield tag="044" ind1=" " ind2=" "><subfield code="c">XA-DE</subfield><subfield code="c">XA-DE-BW</subfield></datafield><datafield tag="100" ind1="1" ind2=" "><subfield code="a">Walter, Björn</subfield><subfield code="0">(DE-Frei129)00306087</subfield><subfield code="0">(DE-588)122499972</subfield></datafield><datafield tag="245" ind1="1" ind2="0"><subfield code="a">Google Picasa</subfield><subfield code="b">Fotos verwalten, bearbeiten und aufpeppen</subfield><subfield code="c">Björn Walter</subfield></datafield><datafield tag="250" ind1=" " ind2=" "><subfield code="a">1. Aufl.</subfield></datafield><datafield tag="260" ind1="3" ind2=" "><subfield code="a">Heidelberg ; München ; Landsberg ; Frechen ; Hamburg</subfield><subfield code="b">bhv</subfield><subfield code="c">2010</subfield></datafield><datafield tag="300" ind1=" " ind2=" "><subfield code="a">252 Seiten</subfield><subfield code="b">zahlr. Ill.</subfield><subfield code="c">210 mm x 148 mm</subfield></datafield><datafield tag="490" ind1="0" ind2=" "><subfield code="a">bhv </subfield><subfield code="v">7566</subfield></datafield><datafield tag="490" ind1="0" ind2=" "><subfield code="a">bhv Praxis</subfield></datafield><datafield tag="490" ind1="0" ind2=" "><subfield code="a">IT-fachportal.de</subfield></datafield><datafield tag="500" ind1=" " ind2=" "><subfield code="a">IMD-Felder maschinell generiert (GBV)</subfield></datafield><datafield tag="500" ind1=" " ind2=" "><subfield code="a">Archivierung/Langzeitarchivierung gewährleistet</subfield></datafield><datafield tag="650" ind1=" " ind2="7"><subfield code="a">Picasa</subfield><subfield code="0">(DE-Frei129)00490311</subfield><subfield code="0">(DE-588)7536984-9</subfield><subfield code="2">gnd</subfield></datafield><datafield tag="650" ind1=" " ind2="7"><subfield code="a">Bildbearbeitung</subfield><subfield code="0">(DE-Frei129)14265610</subfield><subfield code="2">local</subfield></datafield><datafield tag="650" ind1=" " ind2="7"><subfield code="a">Digitale-Fotografie</subfield><subfield code="0">(DE-Frei129)15004672</subfield><subfield code="2">local</subfield></datafield><datafield tag="650" ind1=" " ind2="7"><subfield code="a">Google</subfield><subfield code="0">(DE-Frei129)00241072</subfield><subfield code="2">local</subfield></datafield><datafield tag="650" ind1=" " ind2="7"><subfield code="a">Hardback</subfield><subfield code="0">(DE-Frei129)14259464</subfield><subfield code="2">local</subfield></datafield><datafield tag="689" ind1="0" ind2="0"><subfield code="0">(DE-588)7536984-9</subfield><subfield code="D">s</subfield><subfield code="a">Picasa</subfield><subfield code="5">DE-101</subfield></datafield><datafield tag="689" ind1="1" ind2="0"><subfield code="A">s</subfield><subfield code="a">Bildbearbeitung</subfield><subfield code="5">DE-101</subfield></datafield><datafield tag="689" ind1="2" ind2="0"><subfield code="A">s</subfield><subfield code="a">Digitale-Fotografie</subfield><subfield code="5">DE-101</subfield></datafield><datafield tag="689" ind1="3" ind2="0"><subfield code="A">s</subfield><subfield code="a">Google</subfield><subfield code="5">DE-101</subfield></datafield><datafield tag="689" ind1="4" ind2="0"><subfield code="A">s</subfield><subfield code="a">Hardback</subfield><subfield code="5">DE-101</subfield></datafield><datafield tag="852" ind1=" " ind2=" "><subfield code="a">Frei129</subfield><subfield code="c">EDV T 580: 2</subfield></datafield><datafield tag="856" ind1="4" ind2=" "><subfield code="8">00</subfield><subfield code="u">http://deposit.d-nb.de/cgi-bin/dokserv?id=3539153&amp;prov=M&amp;dok_var=1&amp;dok_ext=htm</subfield><subfield code="y">Inhaltstext</subfield></datafield><datafield tag="856" ind1="4" ind2=" "><subfield code="8">01</subfield><subfield code="u">http://d-nb.info/1007027479/04</subfield><subfield code="y">Verlagsinformation</subfield></datafield><datafield tag="980" ind1="0" ind2=" "><subfield code="a">00219879</subfield><subfield code="9">(PHFR)</subfield><subfield code="b">UG (33)</subfield><subfield code="c">EDV T 580: 2</subfield><subfield code="d">Standardleihe (01)</subfield><subfield code="e">Verfügbar (X)</subfield></datafield></record>