
<record><leader>06329nam a2200000uu 4500</leader><controlfield tag="001">02331939</controlfield><controlfield tag="003">DE-Frei129</controlfield><controlfield tag="005">20220811084041.0</controlfield><controlfield tag="007">tu</controlfield><controlfield tag="008">101102s2010    ||||||||||||||||||||ger||</controlfield><datafield tag="015" ind1=" " ind2=" "><subfield code="a">10,N41</subfield></datafield><datafield tag="016" ind1="7" ind2=" "><subfield code="a">1007459999</subfield><subfield code="2">DE-101</subfield></datafield><datafield tag="020" ind1=" " ind2=" "><subfield code="a">9783828824591</subfield><subfield code="9">9783828824591</subfield><subfield code="c">Pb. : EUR 24.90 (DE), EUR 24.90 (AT), sfr 38.10 (freier Pr.)</subfield></datafield><datafield tag="024" ind1="3" ind2=" "><subfield code="a">9783828824591</subfield></datafield><datafield tag="035" ind1=" " ind2=" "><subfield code="a">(DE-576)636692612</subfield></datafield><datafield tag="041" ind1=" " ind2=" "><subfield code="a">ger</subfield></datafield><datafield tag="044" ind1=" " ind2=" "><subfield code="c">XA-DE-HE</subfield></datafield><datafield tag="100" ind1="1" ind2=" "><subfield code="a">Mugerauer, Roland</subfield><subfield code="0">(DE-Frei129)00097744</subfield><subfield code="0">(DE-588)13647960X</subfield></datafield><datafield tag="245" ind1="1" ind2="0"><subfield code="a">Narzißmus</subfield><subfield code="b">eine erzieherische Herausforderung in pädagogischen und sozialen Praxisfeldern</subfield><subfield code="c">Roland Mugerauer</subfield></datafield><datafield tag="250" ind1=" " ind2=" "><subfield code="a">2.,, unveränd. Aufl.</subfield></datafield><datafield tag="260" ind1="3" ind2=" "><subfield code="a">Marburg</subfield><subfield code="b">Tectum-Verl.</subfield><subfield code="c">2010</subfield></datafield><datafield tag="300" ind1=" " ind2=" "><subfield code="a">173 Seiten</subfield><subfield code="c">210 mm x 148 mm</subfield></datafield><datafield tag="500" ind1=" " ind2=" "><subfield code="a">Literaturangaben</subfield></datafield><datafield tag="500" ind1=" " ind2=" "><subfield code="a">IMD-Felder maschinell generiert (GBV)</subfield></datafield><datafield tag="520" ind1=" " ind2=" "><subfield code="a">Die erzieherische Arbeit mit so genannten ,,frühgestörten , insbesondere narzisstisch gestörten Kindern und Jugendlichen, beansprucht in der Pädagogik einen zunehmend breiteren Raum. Immer wichtiger wird für Pädagoginnen und Pädagogen deshalb der Erwerb basaler heilpädagogischer Kompetenzen. Roland Mugerauer will einen Beitrag leisten zur Bewältigung des veränderten pädagogischen Alltags. Dabei geht es erstens um die Erweiterung der Potentiale von Pädagogen, und zwar im Sinne eines besseren Verständnisses, einer konstruktiven Konfliktlösung und einer möglichst optimalen Entwicklungsförderung der anvertrauten Klienten. Zweitens geht es um die Frage, wie Bedingungen geschaffen werden können, damit Pädagoginnen und Pädagogen mit ihren Klienten in einen ,,fördernden Dialog (Aloys Leber) treten können. Der Autor zeigt, wie die pädagogischen Personen ihren Klienten dabei helfen können, die narzisstischen Erlebens- und Verarbeitungsmodi zu überwinden und ihr Spektrum an Wahrnehmungs-, Erlebens- und Handlungsspielräumen zu erweitern. Für dieses Ziel werden der psychoanalytische Verstehensansatz, Methoden und Konzepte der neueren psychoanalytischen Forschung herangezogen, insbesondere der Selbstpsychologie Heinz Kohuts und der Objektbeziehungstheorie. Mugerauer macht dabei die Fruchtbarkeit psychoanalytischen Verstehens für pädagogische Handlungsverläufe deutlich. Von Roland Mugerauer ist im Tectum Verlag zuletzt erschienen Wider das Vergessen des sokratischen Nichtwissens. Der Bildungsbeitrag Platons und seine Marginalisierung bei Plotin, Augustin, Eckhart und Luther sowie im reformatorischen Schulwesen. Eine historisch-systematische Untersuchung zur Grundlegung eines sokratisch-skeptischen Bildungskonzeptes (2 Bände, 2007).</subfield></datafield><datafield tag="650" ind1=" " ind2="7"><subfield code="a">Narzissmus</subfield><subfield code="0">(DE-Frei129)00017285</subfield><subfield code="0">(DE-588)4041248-9</subfield><subfield code="2">gnd</subfield></datafield><datafield tag="650" ind1=" " ind2="7"><subfield code="a">Pädagogische Handlung</subfield><subfield code="0">(DE-Frei129)00036997</subfield><subfield code="0">(DE-588)4115484-8</subfield><subfield code="2">gnd</subfield></datafield><datafield tag="650" ind1=" " ind2="7"><subfield code="a">Psychoanalyse</subfield><subfield code="0">(DE-Frei129)00007594</subfield><subfield code="0">(DE-588)4047689-3</subfield><subfield code="2">gnd</subfield></datafield><datafield tag="689" ind1="0" ind2="0"><subfield code="0">(DE-588)4041248-9</subfield><subfield code="D">s</subfield><subfield code="a">Narzissmus </subfield></datafield><datafield tag="689" ind1="0" ind2="1"><subfield code="0">(DE-588)4115484-8</subfield><subfield code="D">s</subfield><subfield code="a">Pädagogische Handlung </subfield></datafield><datafield tag="689" ind1="0" ind2="2"><subfield code="0">(DE-588)4047689-3</subfield><subfield code="D">s</subfield><subfield code="a">Psychoanalyse</subfield><subfield code="5">DE-101</subfield></datafield><datafield tag="852" ind1=" " ind2=" "><subfield code="a">Frei129</subfield><subfield code="c">Psy K 400: 50</subfield></datafield><datafield tag="856" ind1="4" ind2=" "><subfield code="8">00</subfield><subfield code="u">http://d-nb.info/1007459999/04</subfield><subfield code="y">Kurzbeschreibung des Verlags</subfield></datafield><datafield tag="856" ind1="4" ind2=" "><subfield code="8">01</subfield><subfield code="u">http://ecx.images-amazon.com/images/I/41rCzNu75aL._SL500_AA300_.jpg</subfield><subfield code="y">Cover</subfield></datafield><datafield tag="856" ind1="4" ind2=" "><subfield code="8">02</subfield><subfield code="u">http://d-nb.info/1007459999/04</subfield><subfield code="y">Verlagsinformation</subfield></datafield><datafield tag="980" ind1="0" ind2=" "><subfield code="a">00219107</subfield><subfield code="9">(PHFR)</subfield><subfield code="b">EG-Anbau (32)</subfield><subfield code="c">Psy K 400: 50</subfield><subfield code="d">Standardleihe (01)</subfield><subfield code="e">Verfügbar (X)</subfield></datafield></record>