
<record><leader>10805nam a2200000uu 4500</leader><controlfield tag="001">02331933</controlfield><controlfield tag="003">DE-Frei129</controlfield><controlfield tag="005">20220811084041.0</controlfield><controlfield tag="007">tu</controlfield><controlfield tag="008">100505s2010    ||||||||||||||||||||ger||</controlfield><datafield tag="015" ind1=" " ind2=" "><subfield code="a">10,A43</subfield></datafield><datafield tag="016" ind1="7" ind2=" "><subfield code="a">1001932439</subfield><subfield code="2">DE-101</subfield></datafield><datafield tag="020" ind1=" " ind2=" "><subfield code="a">9783746670850</subfield><subfield code="9">9783746670850</subfield><subfield code="c">PB. : EUR 9.95, EUR 13.40 (AT), sfr 22.50 (freier Pr.)</subfield></datafield><datafield tag="024" ind1="3" ind2=" "><subfield code="a">9783746670850</subfield></datafield><datafield tag="035" ind1=" " ind2=" "><subfield code="a">(DE-576)625371232</subfield></datafield><datafield tag="041" ind1=" " ind2=" "><subfield code="a">ger</subfield></datafield><datafield tag="044" ind1=" " ind2=" "><subfield code="c">XA-DE-BE</subfield></datafield><datafield tag="100" ind1="1" ind2=" "><subfield code="a">Schmitz-Köster, Dorothee</subfield><subfield code="0">(DE-Frei129)00264592</subfield><subfield code="0">(DE-588)115752188</subfield></datafield><datafield tag="245" ind1="1" ind2="0"><subfield code="a">&quot;Deutsche Mutter, bist du bereit ...&quot;</subfield><subfield code="b">Die Kinder aus dem Lebensborn</subfield><subfield code="c">Dorothee Schmitz-Köster</subfield></datafield><datafield tag="250" ind1=" " ind2=" "><subfield code="a">1. Aufl.</subfield></datafield><datafield tag="260" ind1="3" ind2=" "><subfield code="a">Berlin</subfield><subfield code="b">Aufbau Taschenbuch</subfield><subfield code="c">2010</subfield></datafield><datafield tag="300" ind1=" " ind2=" "><subfield code="a">412 Seiten</subfield><subfield code="b">Ill.</subfield><subfield code="c">190 mm x 115 mm</subfield></datafield><datafield tag="490" ind1="0" ind2=" "><subfield code="a">atb </subfield><subfield code="v">7085</subfield></datafield><datafield tag="500" ind1=" " ind2=" "><subfield code="a">IMD-Felder maschinell generiert (GBV)</subfield></datafield><datafield tag="520" ind1=" " ind2=" "><subfield code="a">Die Autorin versucht in ihrer sorgfältigen Recherche (Archivstudien, Quellenmaterial, Zeugenbefragung) den Spekulationen und Legenden auf den Grund zu gehen und den Mythos von den NS-Zuchtanstalten, den Mütter- und Kinderheimen der SS, zu enttarnen. (LK/F: Dankert)</subfield></datafield><datafield tag="520" ind1=" " ind2=" "><subfield code="a">Am Beispiel eines Lebensbornheimes nahe Bremen (&quot;Heim Friesland&quot;) beschreibt die Journalistin und Autorin D. Schmitz-Köster Alltag und Ideologie der von Himmler 1935 gegründeten Organisation &quot;Lebensborn e.V.&quot;. Breiten Raum nehmen biografische Schilderungen ein: die Motive der Mütter, die Schicksale der Lebensborn-Kinder, aber auch die Haltung der Väter und der Heim-Angestellten. Für die erweiterte Taschenbuchausgabe (Erstauflage vgl. BA 2/98) hat die Autorin den Text durch viele neu erschlossene Dokumente, und durch weitere Biografien, vor allem von Lebensbornkindern aus der DDR, ergänzt. Sorgsam recherchiert, flüssig geschrieben, eignet sich das Buch für einen großen, historisch interessierten Leserkreis. Noch vor &quot;Dem Führer ein Kind schenken&quot; von V. Koop (vgl. BA 12/07) und dem Buch &quot;Kind L 364&quot;, ebenfalls von D. Schmitz-Köster, in dem sie die Geschichte einer Lebensborn-Familie recherchiert (vgl. BA 11/07). Umfangreicher Anhang. (2) (LK/F: Dankert)</subfield></datafield><datafield tag="610" ind1="1" ind2="7"><subfield code="a">Hohehorst</subfield><subfield code="g">Schwanewede</subfield><subfield code="0">(DE-Frei129)01314696</subfield><subfield code="0">(DE-588)4821666-5</subfield><subfield code="2">gnd</subfield></datafield><datafield tag="610" ind1="2" ind2="7"><subfield code="a">Lebensborn e.V.</subfield><subfield code="0">(DE-Frei129)00327542</subfield><subfield code="0">(DE-588)2082427-0</subfield><subfield code="2">gnd</subfield></datafield><datafield tag="648" ind1=" " ind2="7"><subfield code="a">Germany</subfield><subfield code="x">History</subfield><subfield code="0">(DE-Frei129)14259245</subfield><subfield code="2">local</subfield></datafield><datafield tag="650" ind1=" " ind2="7"><subfield code="a">Lebensborn e.V. (Germany)</subfield><subfield code="0">(DE-Frei129)14319345</subfield><subfield code="2">local</subfield></datafield><datafield tag="650" ind1=" " ind2="7"><subfield code="a">World War, 1939-1945</subfield><subfield code="x">Children</subfield><subfield code="0">(DE-Frei129)14551743</subfield><subfield code="2">local</subfield></datafield><datafield tag="650" ind1=" " ind2="7"><subfield code="a">Children</subfield><subfield code="0">(DE-Frei129)00241168</subfield><subfield code="2">local</subfield></datafield><datafield tag="650" ind1=" " ind2="7"><subfield code="a">Eugenics</subfield><subfield code="0">(DE-Frei129)00249493</subfield><subfield code="2">local</subfield></datafield><datafield tag="650" ind1=" " ind2="7"><subfield code="a">Nationalsozialismus</subfield><subfield code="0">(DE-Frei129)00006282</subfield><subfield code="0">(DE-588)4041316-0</subfield><subfield code="2">gnd</subfield></datafield><datafield tag="650" ind1=" " ind2="7"><subfield code="a">Kinderheim</subfield><subfield code="0">(DE-Frei129)00060632</subfield><subfield code="0">(DE-588)4163826-8</subfield><subfield code="2">gnd</subfield></datafield><datafield tag="650" ind1=" " ind2="7"><subfield code="a">Rassenhygiene</subfield><subfield code="0">(DE-Frei129)00065692</subfield><subfield code="0">(DE-588)4176978-8</subfield><subfield code="2">gnd</subfield></datafield><datafield tag="650" ind1=" " ind2="7"><subfield code="a">Gesundheit</subfield><subfield code="0">(DE-Frei129)00009689</subfield><subfield code="0">(DE-588)4020754-7</subfield><subfield code="2">gnd</subfield></datafield><datafield tag="650" ind1=" " ind2="7"><subfield code="a">Ideologie</subfield><subfield code="0">(DE-Frei129)00011587</subfield><subfield code="0">(DE-588)4026486-5</subfield><subfield code="2">gnd</subfield></datafield><datafield tag="650" ind1=" " ind2="7"><subfield code="a">Kind</subfield><subfield code="0">(DE-Frei129)00001633</subfield><subfield code="0">(DE-588)4030550-8</subfield><subfield code="2">gnd</subfield></datafield><datafield tag="650" ind1=" " ind2="7"><subfield code="a">Verschleppung</subfield><subfield code="0">(DE-Frei129)00005531</subfield><subfield code="0">(DE-588)4127095-2</subfield><subfield code="2">gnd</subfield></datafield><datafield tag="650" ind1=" " ind2="7"><subfield code="a">Mutter</subfield><subfield code="0">(DE-Frei129)00001057</subfield><subfield code="0">(DE-588)4040949-1</subfield><subfield code="2">gnd</subfield></datafield><datafield tag="689" ind1="0" ind2="0"><subfield code="0">(DE-588)2082427-0</subfield><subfield code="D">b</subfield><subfield code="a">Lebensborn e.V.</subfield><subfield code="5">DE-101</subfield></datafield><datafield tag="689" ind1="1" ind2="0"><subfield code="A">s</subfield><subfield code="a">Lebensborn e.V. (Germany)</subfield><subfield code="5">DE-101</subfield></datafield><datafield tag="689" ind1="2" ind2="0"><subfield code="A">s</subfield><subfield code="a">World War, 1939-1945 / Children</subfield><subfield code="5">DE-101</subfield></datafield><datafield tag="689" ind1="3" ind2="0"><subfield code="A">s</subfield><subfield code="a">Children </subfield></datafield><datafield tag="689" ind1="3" ind2="1"><subfield code="A">s</subfield><subfield code="a">Germany / History</subfield><subfield code="5">DE-101</subfield></datafield><datafield tag="689" ind1="4" ind2="0"><subfield code="A">s</subfield><subfield code="a">Eugenics </subfield></datafield><datafield tag="689" ind1="4" ind2="1"><subfield code="A">s</subfield><subfield code="a">Germany / History</subfield><subfield code="5">DE-101</subfield></datafield><datafield tag="689" ind1="5" ind2="0"><subfield code="0">(DE-588)4821666-5</subfield><subfield code="D">g</subfield><subfield code="a">Hohehorst &lt;Schwanewede&gt; </subfield></datafield><datafield tag="689" ind1="5" ind2="1"><subfield code="0">(DE-588)2082427-0</subfield><subfield code="D">b</subfield><subfield code="a">Lebensborn e.V. </subfield></datafield><datafield tag="689" ind1="5" ind2="2"><subfield code="0">(DE-588)4041316-0</subfield><subfield code="D">s</subfield><subfield code="a">Nationalsozialismus </subfield></datafield><datafield tag="689" ind1="5" ind2="3"><subfield code="0">(DE-588)4163826-8</subfield><subfield code="D">s</subfield><subfield code="a">Kinderheim </subfield></datafield><datafield tag="689" ind1="5" ind2="4"><subfield code="0">(DE-588)4176978-8</subfield><subfield code="D">s</subfield><subfield code="a">Rassenhygiene </subfield></datafield><datafield tag="689" ind1="5" ind2="5"><subfield code="0">(DE-588)4020754-7</subfield><subfield code="D">s</subfield><subfield code="a">Gesundheit </subfield></datafield><datafield tag="689" ind1="5" ind2="6"><subfield code="0">(DE-588)4026486-5</subfield><subfield code="D">s</subfield><subfield code="a">Ideologie </subfield></datafield><datafield tag="689" ind1="5" ind2="7"><subfield code="0">(DE-588)4030550-8</subfield><subfield code="D">s</subfield><subfield code="a">Kind </subfield></datafield><datafield tag="689" ind1="5" ind2="8"><subfield code="0">(DE-588)4127095-2</subfield><subfield code="D">s</subfield><subfield code="a">Verschleppung </subfield></datafield><datafield tag="689" ind1="5" ind2="9"><subfield code="0">(DE-588)4040949-1</subfield><subfield code="D">s</subfield><subfield code="a">Mutter</subfield><subfield code="5">DE-101</subfield></datafield><datafield tag="852" ind1=" " ind2=" "><subfield code="a">Frei 129</subfield><subfield code="b">PHFR</subfield><subfield code="c">NQ 2140 S355</subfield></datafield><datafield tag="856" ind1="4" ind2=" "><subfield code="8">00</subfield><subfield code="u">http://external.dandelon.com/download/attachments/dandelon/ids/DE004B38329930E53B643C12577E70046EADB.pdf</subfield><subfield code="y">Inhaltsverzeichnis</subfield></datafield><datafield tag="856" ind1="4" ind2=" "><subfield code="8">01</subfield><subfield code="u">https://external.dandelon.com/download/attachments/dandelon/ids/DE004B38329930E53B643C12577E70046EADB.pdf</subfield><subfield code="y">Verlagsinformation</subfield></datafield><datafield tag="980" ind1="0" ind2=" "><subfield code="a">00213573</subfield><subfield code="9">(PHFR)</subfield><subfield code="b">UG (33)</subfield><subfield code="c">NQ 2140 S355</subfield><subfield code="d">Standardleihe (01)</subfield><subfield code="e">Verfügbar (X)</subfield></datafield></record>