
<record><leader>02574nam a2200000uuc4500</leader><controlfield tag="001">02331912</controlfield><controlfield tag="003">DE-Frei129</controlfield><controlfield tag="005">20220811084041.0</controlfield><controlfield tag="007">tu</controlfield><controlfield tag="008">101027s2010    ||||||||||||||||||||eng||</controlfield><datafield tag="020" ind1=" " ind2=" "><subfield code="a">9780393932799</subfield><subfield code="9">978-0-393-93279-9</subfield></datafield><datafield tag="024" ind1="3" ind2=" "><subfield code="a">9780393932799</subfield></datafield><datafield tag="035" ind1=" " ind2=" "><subfield code="a">(DE-576)1402662394</subfield></datafield><datafield tag="041" ind1=" " ind2=" "><subfield code="a">eng</subfield></datafield><datafield tag="044" ind1=" " ind2=" "><subfield code="c">XD-US</subfield></datafield><datafield tag="245" ind1="1" ind2="0"><subfield code="a">Looking at movies</subfield><subfield code="b">an introduction to film</subfield><subfield code="n">Buch</subfield><subfield code="p">Looking at movies : an introduction to film / Richard Barsam &amp; Dave Monahan</subfield><subfield code="c">Richard Barsam</subfield></datafield><datafield tag="250" ind1=" " ind2=" "><subfield code="a">3. ed.</subfield></datafield><datafield tag="260" ind1="3" ind2=" "><subfield code="a">New York, NY [u.a.]</subfield><subfield code="b">Norton</subfield><subfield code="c">2010</subfield></datafield><datafield tag="300" ind1=" " ind2=" "><subfield code="a">XX, 600  Seiten</subfield><subfield code="b">zahlr. Ill.</subfield></datafield><datafield tag="500" ind1=" " ind2=" "><subfield code="a">Literaturverz. S. 509 - 542</subfield></datafield><datafield tag="700" ind1="1" ind2=" "><subfield code="0">(DE-Frei129)00439068</subfield><subfield code="a">Barsam, Richard M.</subfield></datafield><datafield tag="700" ind1="1" ind2=" "><subfield code="0">(DE-Frei129)35003240</subfield><subfield code="a">Monahan, Dave</subfield></datafield><datafield tag="773" ind1="0" ind2="8"><subfield code="w">(DE-Frei129)01297294</subfield><subfield code="q">BUCH13</subfield></datafield><datafield tag="852" ind1=" " ind2=" "><subfield code="a">Frei 129</subfield><subfield code="b">PHFR</subfield><subfield code="c">AP 43450 L863 (3)</subfield></datafield><datafield tag="980" ind1="0" ind2=" "><subfield code="a">00014045</subfield><subfield code="9">(PHFR)</subfield><subfield code="b">UG (33)</subfield><subfield code="c">AP 43450 L863 (3)</subfield><subfield code="d">Standardleihe (01)</subfield><subfield code="e">Verfügbar (X)</subfield></datafield></record>