
<record><leader>04999nam a2200000uu 4500</leader><controlfield tag="001">02331832</controlfield><controlfield tag="003">DE-Frei129</controlfield><controlfield tag="005">20220811084041.0</controlfield><controlfield tag="007">tu</controlfield><controlfield tag="008">101022s2010    ||||||||||||||||||||fre||</controlfield><datafield tag="020" ind1=" " ind2=" "><subfield code="a">9783140462617</subfield><subfield code="9">978-3-14-046261-7</subfield></datafield><datafield tag="035" ind1=" " ind2=" "><subfield code="a">(DE-576)1605995088</subfield></datafield><datafield tag="041" ind1=" " ind2=" "><subfield code="a">fre</subfield><subfield code="a">ger</subfield></datafield><datafield tag="100" ind1="1" ind2=" "><subfield code="a">Bories-Sawala, Helga</subfield><subfield code="0">(DE-Frei129)00577212</subfield><subfield code="0">(DE-588)141815094</subfield><subfield code="4">aut</subfield></datafield><datafield tag="245" ind1="1" ind2="3"><subfield code="a">La France occupée et la Résistance</subfield><subfield code="c">Helga Bories-Sawala; Catherine Szczesny; Rolf Sawala</subfield></datafield><datafield tag="250" ind1=" " ind2=" "><subfield code="a">2. Dr.</subfield></datafield><datafield tag="260" ind1="3" ind2=" "><subfield code="a">Paderborn</subfield><subfield code="b">Schöningh</subfield><subfield code="c">2010</subfield></datafield><datafield tag="300" ind1=" " ind2=" "><subfield code="a">125  Seiten</subfield><subfield code="b">Ill.</subfield></datafield><datafield tag="490" ind1="0" ind2=" "><subfield code="a">EinFach Französisch : Unterrichtsmodell</subfield></datafield><datafield tag="650" ind1=" " ind2="7"><subfield code="a">Résistance</subfield><subfield code="0">(DE-Frei129)00031822</subfield><subfield code="0">(DE-588)4076667-6</subfield><subfield code="2">gnd</subfield></datafield><datafield tag="650" ind1=" " ind2="7"><subfield code="a">Geschichte 1940-1944</subfield><subfield code="0">(DE-Frei129)01745923</subfield><subfield code="2">local</subfield></datafield><datafield tag="650" ind1=" " ind2="7"><subfield code="a">Französischunterricht</subfield><subfield code="0">(DE-Frei129)00008578</subfield><subfield code="0">(DE-588)4018198-4</subfield><subfield code="2">gnd</subfield></datafield><datafield tag="650" ind1=" " ind2="7"><subfield code="a">Sekundarstufe 2</subfield><subfield code="0">(DE-Frei129)00021632</subfield><subfield code="0">(DE-588)4054367-5</subfield><subfield code="2">gnd</subfield></datafield><datafield tag="650" ind1=" " ind2="7"><subfield code="a">Französischunterricht</subfield><subfield code="x">Schulbuch</subfield><subfield code="x">Gymnasium</subfield><subfield code="0">(DE-Frei129)01888022</subfield><subfield code="2">local</subfield></datafield><datafield tag="655" ind1=" " ind2="7"><subfield code="a">Unterrichtseinheit</subfield><subfield code="0">(DE-Frei129)00000230</subfield><subfield code="2">local</subfield></datafield><datafield tag="689" ind1="0" ind2="0"><subfield code="0">(DE-588)4076667-6</subfield><subfield code="D">s</subfield><subfield code="a">Résistance </subfield></datafield><datafield tag="689" ind1="0" ind2="1"><subfield code="A">s</subfield><subfield code="a">Geschichte 1940-1944 </subfield></datafield><datafield tag="689" ind1="0" ind2="2"><subfield code="0">(DE-588)4018198-4</subfield><subfield code="D">s</subfield><subfield code="a">Französischunterricht </subfield></datafield><datafield tag="689" ind1="0" ind2="3"><subfield code="0">(DE-588)4054367-5</subfield><subfield code="D">s</subfield><subfield code="a">Sekundarstufe 2 </subfield></datafield><datafield tag="689" ind1="0" ind2="4"><subfield code="A">s</subfield><subfield code="a">Unterrichtseinheit</subfield><subfield code="5">DE-101</subfield></datafield><datafield tag="689" ind1="1" ind2="0"><subfield code="A">s</subfield><subfield code="a">Französischunterricht / Schulbuch / Gymnasium</subfield><subfield code="5">DE-101</subfield></datafield><datafield tag="700" ind1="1" ind2=" "><subfield code="0">(DE-Frei129)00808471</subfield><subfield code="a">Szczesny, Catherine</subfield><subfield code="4">oth</subfield></datafield><datafield tag="700" ind1="1" ind2=" "><subfield code="0">(DE-Frei129)00797758</subfield><subfield code="a">Sawala, Rolf</subfield><subfield code="4">oth</subfield></datafield><datafield tag="700" ind1="1" ind2=" "><subfield code="0">(DE-588)1146514379</subfield><subfield code="0">(DE-Frei129)00804179</subfield><subfield code="a">Ewald, Dieter</subfield><subfield code="4">oth</subfield></datafield><datafield tag="852" ind1=" " ind2=" "><subfield code="a">Frei 129</subfield><subfield code="b">PHFR</subfield><subfield code="c">ID 1573 B734</subfield></datafield><datafield tag="980" ind1="0" ind2=" "><subfield code="a">00216811</subfield><subfield code="9">(PHFR)</subfield><subfield code="b">2.OG (35)</subfield><subfield code="c">ID 1573 B734</subfield><subfield code="d">Standardleihe (01)</subfield><subfield code="e">Verfügbar (X)</subfield></datafield></record>