
<record><leader>06933nam a2200000uu 4500</leader><controlfield tag="001">02331797</controlfield><controlfield tag="003">DE-Frei129</controlfield><controlfield tag="005">20220811084042.0</controlfield><controlfield tag="007">tu</controlfield><controlfield tag="008">100601s2010    ||||||||||||||||||||eng||</controlfield><datafield tag="020" ind1=" " ind2=" "><subfield code="a">1433108739</subfield><subfield code="9">1433108739</subfield><subfield code="c">pbk. : alk. paper</subfield></datafield><datafield tag="020" ind1=" " ind2=" "><subfield code="a">9781433108730</subfield><subfield code="9">9781433108730</subfield><subfield code="c">(pbk. : alk. paper)</subfield></datafield><datafield tag="035" ind1=" " ind2=" "><subfield code="a">(DE-576)627178537</subfield></datafield><datafield tag="041" ind1=" " ind2=" "><subfield code="a">eng</subfield></datafield><datafield tag="044" ind1=" " ind2=" "><subfield code="c">XD-US</subfield><subfield code="c">XA-CH</subfield><subfield code="c">XA-DE</subfield></datafield><datafield tag="245" ind1="1" ind2="4"><subfield code="a">The Hollywood curriculum</subfield><subfield code="b">teachers in the movies</subfield><subfield code="c">Mary M. Dalton</subfield></datafield><datafield tag="250" ind1=" " ind2=" "><subfield code="a">2nd rev. ed.</subfield></datafield><datafield tag="260" ind1="3" ind2=" "><subfield code="a">New York ; London</subfield><subfield code="b">Lang</subfield><subfield code="c">c2010</subfield></datafield><datafield tag="300" ind1=" " ind2=" "><subfield code="a">XIV, 193 Seiten</subfield><subfield code="b">Ill.</subfield><subfield code="c">23 cm</subfield></datafield><datafield tag="490" ind1="1" ind2=" "><subfield code="a">Counterpoints </subfield><subfield code="v">Vol. 256</subfield></datafield><datafield tag="500" ind1=" " ind2=" "><subfield code="a">Includes bibliographical references and index. - Introduction 1 -- The Hollywood model: who is the good teacher? -- The aesthetic-ethical-political value frameworks of good teachers in the movies -- The technical-scientific value frameworks of bad teachers in the movies -- Divided lives: the public work and private pathos of women teachers in the movies -- Here but not queer: the mainstreaming of gay male teachers in the movies -- Drama is conflict: the roles of administrators in Hollywood movies -- Schools, schooling, and student voices</subfield></datafield><datafield tag="500" ind1=" " ind2=" "><subfield code="a">IMD-Felder maschinell generiert (GBV)</subfield></datafield><datafield tag="501" ind1=" " ind2=" "><subfield code="a">Introduction -- The Hollywood model: who is the good teacher? -- The aesthetic-ethical-political value frameworks of good teachers in the movies -- The technical-scientific value frameworks of bad teachers in the movies -- Divided lives: the public work and private pathos of women teachers in the movies -- Here but not queer: the mainstreaming of gay male teachers in the movies -- Drama is conflict: the roles of administrators in Hollywood movies -- Schools, schooling, and student voices.</subfield></datafield><datafield tag="650" ind1=" " ind2="7"><subfield code="a">Teachers in motion pictures</subfield><subfield code="0">(DE-Frei129)14388234</subfield><subfield code="2">local</subfield></datafield><datafield tag="650" ind1=" " ind2="7"><subfield code="a">Education in motion pictures</subfield><subfield code="0">(DE-Frei129)14388235</subfield><subfield code="2">local</subfield></datafield><datafield tag="650" ind1=" " ind2="7"><subfield code="a">Film</subfield><subfield code="0">(DE-Frei129)00006151</subfield><subfield code="0">(DE-588)4017102-4</subfield><subfield code="2">gnd</subfield></datafield><datafield tag="650" ind1=" " ind2="7"><subfield code="a">Lehrer</subfield><subfield code="x">Motiv</subfield><subfield code="0">(DE-Frei129)00062097</subfield><subfield code="0">(DE-588)4167153-3</subfield><subfield code="2">gnd</subfield></datafield><datafield tag="651" ind1=" " ind2="7"><subfield code="a">USA</subfield><subfield code="0">(DE-Frei129)00031006</subfield><subfield code="0">(DE-588)4078704-7</subfield><subfield code="2">gnd</subfield></datafield><datafield tag="651" ind1=" " ind2="7"><subfield code="a">Motiv</subfield><subfield code="0">(DE-Frei129)00757372</subfield><subfield code="2">local</subfield></datafield><datafield tag="689" ind1="0" ind2="0"><subfield code="A">s</subfield><subfield code="a">Teachers in motion pictures</subfield><subfield code="5">DE-101</subfield></datafield><datafield tag="689" ind1="1" ind2="0"><subfield code="A">s</subfield><subfield code="a">Education in motion pictures</subfield><subfield code="5">DE-101</subfield></datafield><datafield tag="689" ind1="2" ind2="0"><subfield code="0">(DE-588)4078704-7</subfield><subfield code="D">g</subfield><subfield code="a">USA </subfield></datafield><datafield tag="689" ind1="2" ind2="1"><subfield code="0">(DE-588)4017102-4</subfield><subfield code="D">s</subfield><subfield code="a">Film </subfield></datafield><datafield tag="689" ind1="2" ind2="2"><subfield code="0">(DE-588)4167153-3</subfield><subfield code="D">s</subfield><subfield code="a">Lehrer / Motiv </subfield></datafield><datafield tag="689" ind1="2" ind2="3"><subfield code="A">s</subfield><subfield code="a">Motiv</subfield><subfield code="5">DE-101</subfield></datafield><datafield tag="689" ind1="3" ind2="0"><subfield code="A">s</subfield><subfield code="a">Teachers in motion pictures</subfield><subfield code="5">DE-101</subfield></datafield><datafield tag="689" ind1="4" ind2="0"><subfield code="A">s</subfield><subfield code="a">Education in motion pictures</subfield><subfield code="5">DE-101</subfield></datafield><datafield tag="700" ind1="1" ind2=" "><subfield code="0">(DE-588)132129612</subfield><subfield code="0">(DE-Frei129)00129751</subfield><subfield code="a">Dalton, Mary M.</subfield><subfield code="4">aut</subfield></datafield><datafield tag="830" ind1=" " ind2="0"><subfield code="a">Counterpoints</subfield><subfield code="v">Vol. 256</subfield><subfield code="w">(DE-Frei129)00143192</subfield><subfield code="9">3256</subfield></datafield><datafield tag="852" ind1=" " ind2=" "><subfield code="a">Frei 129</subfield><subfield code="b">PHFR</subfield><subfield code="c">AP 50300 D152 (2)</subfield></datafield><datafield tag="856" ind1="4" ind2=" "><subfield code="8">00</subfield><subfield code="u">http://bvbr.bib-bvb.de:8991/F?func=service&amp;doc_library=BVB01&amp;doc_number=020623001&amp;line_number=0001&amp;func_code=DB_RECORDS&amp;service_type=MEDIA</subfield><subfield code="y">Inhaltsverzeichnis</subfield></datafield><datafield tag="980" ind1="0" ind2=" "><subfield code="a">00213438</subfield><subfield code="9">(PHFR)</subfield><subfield code="b">UG (33)</subfield><subfield code="c">AP 50300 D152 (2)</subfield><subfield code="d">Standardleihe (01)</subfield><subfield code="e">Verfügbar (X)</subfield></datafield></record>