
<record><leader>04579nam a2200000uuc4500</leader><controlfield tag="001">02331793</controlfield><controlfield tag="003">DE-Frei129</controlfield><controlfield tag="005">20220811084042.0</controlfield><controlfield tag="007">tu</controlfield><controlfield tag="008">101021s2010    ||||||||||||||||||||ger||</controlfield><datafield tag="015" ind1=" " ind2=" "><subfield code="a">10,N32</subfield></datafield><datafield tag="016" ind1="7" ind2=" "><subfield code="a">1005278148</subfield><subfield code="2">DE-101</subfield></datafield><datafield tag="020" ind1=" " ind2=" "><subfield code="a">9783867361071</subfield><subfield code="9">9783867361071</subfield><subfield code="c">PB. : EUR 16.80</subfield></datafield><datafield tag="024" ind1="3" ind2=" "><subfield code="a">9783867361071</subfield></datafield><datafield tag="035" ind1=" " ind2=" "><subfield code="a">(DE-576)1402367538</subfield></datafield><datafield tag="041" ind1=" " ind2=" "><subfield code="a">ger</subfield></datafield><datafield tag="044" ind1=" " ind2=" "><subfield code="c">XA-DE-BY</subfield></datafield><datafield tag="245" ind1="1" ind2="0"><subfield code="a">fraMediale</subfield><subfield code="b">digitale Medien in Bildungseinrichtungen; [Tagungsband]</subfield><subfield code="n">[1]</subfield><subfield code="c">Thomas Knaus ... (Hrsg.)</subfield></datafield><datafield tag="260" ind1="3" ind2=" "><subfield code="a">München</subfield><subfield code="b">kopaed</subfield><subfield code="c">2010</subfield></datafield><datafield tag="300" ind1=" " ind2=" "><subfield code="a">178 Seiten</subfield><subfield code="b">Ill.</subfield><subfield code="c">2100 mm x 1480 mm, 250 gr.</subfield></datafield><datafield tag="500" ind1=" " ind2=" "><subfield code="a">2009</subfield></datafield><datafield tag="500" ind1=" " ind2=" "><subfield code="a">Frankfurt, Main</subfield></datafield><datafield tag="650" ind1=" " ind2="7"><subfield code="a">E-Learning</subfield><subfield code="0">(DE-Frei129)00067250</subfield><subfield code="0">(DE-588)4727098-6</subfield><subfield code="2">gnd</subfield></datafield><datafield tag="650" ind1=" " ind2="7"><subfield code="a">Unterricht</subfield><subfield code="0">(DE-Frei129)00001741</subfield><subfield code="0">(DE-588)4062005-0</subfield><subfield code="2">gnd</subfield></datafield><datafield tag="650" ind1=" " ind2="7"><subfield code="a">Medienpädagogik</subfield><subfield code="0">(DE-Frei129)00008121</subfield><subfield code="0">(DE-588)4074659-8</subfield><subfield code="2">gnd</subfield></datafield><datafield tag="689" ind1="0" ind2="0"><subfield code="0">(DE-588)4727098-6</subfield><subfield code="D">s</subfield><subfield code="a">E-Learning </subfield></datafield><datafield tag="689" ind1="0" ind2="1"><subfield code="0">(DE-588)4062005-0</subfield><subfield code="D">s</subfield><subfield code="a">Unterricht </subfield></datafield><datafield tag="689" ind1="0" ind2="2"><subfield code="0">(DE-588)4074659-8</subfield><subfield code="D">s</subfield><subfield code="a">Medienpädagogik</subfield><subfield code="5">DE-101</subfield></datafield><datafield tag="700" ind1="1" ind2=" "><subfield code="0">(DE-588)139402756</subfield><subfield code="0">(DE-Frei129)00273664</subfield><subfield code="a">Knaus, Thomas</subfield><subfield code="4">Hrsg.</subfield></datafield><datafield tag="711" ind1="2" ind2=" "><subfield code="0">(DE-Frei129)03001249</subfield><subfield code="0">(DE-588)16089804-3</subfield><subfield code="a">FraMediale15&apos; (1 : 2009 : Frankfurt, Main)</subfield><subfield code="n">1</subfield><subfield code="c">Frankfurt, Main</subfield><subfield code="4">oth</subfield></datafield><datafield tag="773" ind1="0" ind2="8"><subfield code="w">(DE-Frei129)03015272</subfield><subfield code="q">[1]</subfield></datafield><datafield tag="852" ind1=" " ind2=" "><subfield code="a">Frei 129</subfield><subfield code="b">PHFR</subfield><subfield code="c">Paed M 690: 250,1</subfield></datafield><datafield tag="856" ind1="4" ind2=" "><subfield code="8">00</subfield><subfield code="u">http://bvbr.bib-bvb.de:8991/F?func=service&amp;doc_library=BVB01&amp;doc_number=020568228&amp;line_number=0002&amp;func_code=DB_RECORDS&amp;service_type=MEDIA</subfield><subfield code="y">Klappentext</subfield></datafield><datafield tag="980" ind1="0" ind2=" "><subfield code="a">00014269</subfield><subfield code="9">(PHFR)</subfield><subfield code="b">EG-Anbau (32)</subfield><subfield code="c">Paed M 690: 250,1</subfield><subfield code="d">Standardleihe (01)</subfield><subfield code="e">Verfügbar (X)</subfield></datafield></record>