
<record><leader>07089nam a2200000uu 4500</leader><controlfield tag="001">02331790</controlfield><controlfield tag="003">DE-Frei129</controlfield><controlfield tag="005">20220811084042.0</controlfield><controlfield tag="007">tu</controlfield><controlfield tag="008">101021s2010    |||||||||m||||||||||ger||</controlfield><datafield tag="015" ind1=" " ind2=" "><subfield code="a">10,N32</subfield></datafield><datafield tag="016" ind1="7" ind2=" "><subfield code="a">1005305846</subfield><subfield code="2">DE-101</subfield></datafield><datafield tag="020" ind1=" " ind2=" "><subfield code="a">9783897836990</subfield><subfield code="9">978-3-89783-699-0</subfield><subfield code="c">PB. : EUR 48.90</subfield></datafield><datafield tag="024" ind1="3" ind2=" "><subfield code="a">9783897836990</subfield></datafield><datafield tag="035" ind1=" " ind2=" "><subfield code="a">(DE-576)1605962805</subfield></datafield><datafield tag="041" ind1=" " ind2=" "><subfield code="a">ger</subfield></datafield><datafield tag="044" ind1=" " ind2=" "><subfield code="c">XA-DE-BY</subfield></datafield><datafield tag="245" ind1="1" ind2="0"><subfield code="a">Ritual im Wandel</subfield><subfield code="b">Zur Bedeutung von Veränderungsprozessen in schulischen Ritualen; exemplarisch aufgezeigt am &quot;Gewölbe&quot;-Ritual der pädagogischen Einrichtung &quot;Schlössli Ins&quot;,Schweiz</subfield><subfield code="c">Ulrike Lichtinger</subfield></datafield><datafield tag="260" ind1="3" ind2=" "><subfield code="a">Regensburg</subfield><subfield code="b">Roderer</subfield><subfield code="c">2010</subfield></datafield><datafield tag="300" ind1=" " ind2=" "><subfield code="a">398  Seiten</subfield><subfield code="b">Ill., graph. Darst</subfield><subfield code="c">210 mm x 145 mm</subfield></datafield><datafield tag="490" ind1="1" ind2=" "><subfield code="a">Theorie und Forschung</subfield><subfield code="v">Bd. 900</subfield></datafield><datafield tag="490" ind1="1" ind2=" "><subfield code="a">Theorie und Forschung</subfield><subfield code="v">Bd. 900</subfield></datafield><datafield tag="502" ind1=" " ind2=" "><subfield code="a">Zugl.: Univ., Regensburg, Diss., 2010</subfield></datafield><datafield tag="610" ind1="2" ind2="7"><subfield code="a">Schlössli (Ins)</subfield><subfield code="0">(DE-Frei129)00248401</subfield><subfield code="0">(DE-588)2092097-0</subfield><subfield code="2">gnd</subfield></datafield><datafield tag="650" ind1=" " ind2="7"><subfield code="a">Ritual</subfield><subfield code="0">(DE-Frei129)00020716</subfield><subfield code="0">(DE-588)4050164-4</subfield><subfield code="2">gnd</subfield></datafield><datafield tag="650" ind1=" " ind2="7"><subfield code="a">Schule</subfield><subfield code="0">(DE-Frei129)00003193</subfield><subfield code="0">(DE-588)4053474-1</subfield><subfield code="2">gnd</subfield></datafield><datafield tag="650" ind1=" " ind2="7"><subfield code="a">Kulturwissenschaften</subfield><subfield code="0">(DE-Frei129)00014540</subfield><subfield code="0">(DE-588)4033597-5</subfield><subfield code="2">gnd</subfield></datafield><datafield tag="650" ind1=" " ind2="7"><subfield code="a">Schulpädagogik</subfield><subfield code="0">(DE-Frei129)00032083</subfield><subfield code="0">(DE-588)4077208-1</subfield><subfield code="2">gnd</subfield></datafield><datafield tag="650" ind1=" " ind2="7"><subfield code="a">Waldorfpädagogik</subfield><subfield code="0">(DE-Frei129)00025817</subfield><subfield code="0">(DE-588)4064409-1</subfield><subfield code="2">gnd</subfield></datafield><datafield tag="651" ind1=" " ind2="7"><subfield code="a">Ins</subfield><subfield code="0">(DE-Frei129)00774356</subfield><subfield code="2">local</subfield></datafield><datafield tag="651" ind1=" " ind2="7"><subfield code="a">Schweiz</subfield><subfield code="0">(DE-Frei129)00021781</subfield><subfield code="0">(DE-588)4053881-3</subfield><subfield code="2">gnd</subfield></datafield><datafield tag="689" ind1="0" ind2="0"><subfield code="0">(DE-588)2092097-0</subfield><subfield code="D">b</subfield><subfield code="a">Schlössli (Ins) </subfield></datafield><datafield tag="689" ind1="0" ind2="1"><subfield code="A">s</subfield><subfield code="a">Ins </subfield></datafield><datafield tag="689" ind1="0" ind2="2"><subfield code="0">(DE-588)4050164-4</subfield><subfield code="D">s</subfield><subfield code="a">Ritual</subfield><subfield code="5">DE-101</subfield></datafield><datafield tag="689" ind1="1" ind2="0"><subfield code="0">(DE-588)2092097-0</subfield><subfield code="D">b</subfield><subfield code="a">Schlössli (Ins) </subfield></datafield><datafield tag="689" ind1="1" ind2="1"><subfield code="A">s</subfield><subfield code="a">Ins </subfield></datafield><datafield tag="689" ind1="1" ind2="2"><subfield code="0">(DE-588)4053881-3</subfield><subfield code="D">g</subfield><subfield code="a">Schweiz </subfield></datafield><datafield tag="689" ind1="1" ind2="3"><subfield code="0">(DE-588)4050164-4</subfield><subfield code="D">s</subfield><subfield code="a">Ritual </subfield></datafield><datafield tag="689" ind1="1" ind2="4"><subfield code="0">(DE-588)4053474-1</subfield><subfield code="D">s</subfield><subfield code="a">Schule </subfield></datafield><datafield tag="689" ind1="1" ind2="5"><subfield code="0">(DE-588)4033597-5</subfield><subfield code="D">s</subfield><subfield code="a">Kulturwissenschaften </subfield></datafield><datafield tag="689" ind1="1" ind2="6"><subfield code="0">(DE-588)4077208-1</subfield><subfield code="D">s</subfield><subfield code="a">Schulpädagogik </subfield></datafield><datafield tag="689" ind1="1" ind2="7"><subfield code="0">(DE-588)4064409-1</subfield><subfield code="D">s</subfield><subfield code="a">Waldorfpädagogik</subfield><subfield code="5">DE-101</subfield></datafield><datafield tag="700" ind1="1" ind2=" "><subfield code="0">(DE-588)1029180652</subfield><subfield code="0">(DE-Frei129)80001227</subfield><subfield code="a">Lichtinger, Ulrike</subfield><subfield code="4">aut</subfield></datafield><datafield tag="830" ind1=" " ind2="0"><subfield code="a">Theorie und Forschung</subfield><subfield code="v">Bd. 900</subfield><subfield code="w">(DE-Frei129)00082555</subfield><subfield code="9">3900 274</subfield></datafield><datafield tag="830" ind1=" " ind2="0"><subfield code="a">Theorie und Forschung</subfield><subfield code="v">Bd. 900</subfield><subfield code="w">(DE-Frei129)00125984</subfield><subfield code="9">3900</subfield></datafield><datafield tag="852" ind1=" " ind2=" "><subfield code="a">Frei129</subfield><subfield code="c">Paed H 850: 12</subfield></datafield><datafield tag="856" ind1="4" ind2=" "><subfield code="8">00</subfield><subfield code="u">http://d-nb.info/1005305846/04</subfield><subfield code="y">Inhaltsverzeichnis</subfield></datafield><datafield tag="980" ind1="0" ind2=" "><subfield code="a">00211433</subfield><subfield code="9">(PHFR)</subfield><subfield code="b">EG-Anbau (32)</subfield><subfield code="c">Paed H 850: 12</subfield><subfield code="d">Standardleihe (01)</subfield><subfield code="e">Verfügbar (X)</subfield></datafield></record>