
<record><leader>02673nam a2200000uu 4500</leader><controlfield tag="001">02331753</controlfield><controlfield tag="003">DE-Frei129</controlfield><controlfield tag="005">20220811084042.0</controlfield><controlfield tag="007">tu</controlfield><controlfield tag="008">101020s2010    ||||||||||||||||||||eng||</controlfield><datafield tag="020" ind1=" " ind2=" "><subfield code="a">9781858564722</subfield><subfield code="9">978-1-85856-472-2</subfield><subfield code="c">(pbk.) £22.99</subfield></datafield><datafield tag="020" ind1=" " ind2=" "><subfield code="a">1858564727</subfield><subfield code="9">1-85856-472-7</subfield><subfield code="c">(pbk.) £22.99</subfield></datafield><datafield tag="035" ind1=" " ind2=" "><subfield code="a">(DE-576)1605927880</subfield></datafield><datafield tag="041" ind1=" " ind2=" "><subfield code="a">eng</subfield></datafield><datafield tag="245" ind1="1" ind2="0"><subfield code="a">Poetry and childhood</subfield><subfield code="c">edited by Morag Styles ...</subfield></datafield><datafield tag="260" ind1="3" ind2=" "><subfield code="a">Stoke-on-Trent</subfield><subfield code="b">Trentham</subfield><subfield code="c">2010 2010</subfield></datafield><datafield tag="300" ind1=" " ind2=" "><subfield code="a">XVI, 254  Seiten</subfield><subfield code="c">25 cm</subfield></datafield><datafield tag="650" ind1=" " ind2="7"><subfield code="a">Children&apos;s poetry, English</subfield><subfield code="0">(DE-Frei129)00414436</subfield><subfield code="2">local</subfield></datafield><datafield tag="650" ind1=" " ind2="7"><subfield code="a">History and criticism</subfield><subfield code="0">(DE-Frei129)00238650</subfield><subfield code="2">local</subfield></datafield><datafield tag="689" ind1="0" ind2="0"><subfield code="A">s</subfield><subfield code="a">Children&apos;s poetry, English </subfield></datafield><datafield tag="689" ind1="0" ind2="1"><subfield code="A">s</subfield><subfield code="a">History and criticism</subfield><subfield code="5">DE-101</subfield></datafield><datafield tag="700" ind1="1" ind2=" "><subfield code="0">(DE-Frei129)23001288</subfield><subfield code="a">Styles, Morag</subfield><subfield code="4">oth</subfield></datafield><datafield tag="852" ind1=" " ind2=" "><subfield code="a">Frei 129</subfield><subfield code="b">PHFR</subfield><subfield code="c">EC 8340 S938</subfield></datafield><datafield tag="980" ind1="0" ind2=" "><subfield code="a">00214092</subfield><subfield code="9">(PHFR)</subfield><subfield code="b">2.OG (35)</subfield><subfield code="c">EC 8340 S938</subfield><subfield code="d">Standardleihe (01)</subfield><subfield code="e">Verfügbar (X)</subfield></datafield></record>