
<record><leader>03312nam a2200000uu 4500</leader><controlfield tag="001">02331717</controlfield><controlfield tag="003">DE-Frei129</controlfield><controlfield tag="005">20220811084042.0</controlfield><controlfield tag="007">tu</controlfield><controlfield tag="008">101018s2010    |||||||||m||||||||||ger||</controlfield><datafield tag="015" ind1=" " ind2=" "><subfield code="a">10,N17</subfield></datafield><datafield tag="016" ind1="7" ind2=" "><subfield code="a">1001788052</subfield><subfield code="2">DE-101</subfield></datafield><datafield tag="020" ind1=" " ind2=" "><subfield code="a">9783902766007</subfield><subfield code="9">978-3-902766-00-7</subfield><subfield code="c">PB. : EUR 25.90, EUR 25.90 (AT), sfr 37.15 (freier Pr.)</subfield></datafield><datafield tag="024" ind1="3" ind2=" "><subfield code="a">9783902766007</subfield></datafield><datafield tag="035" ind1=" " ind2=" "><subfield code="a">(DE-576)624890031</subfield></datafield><datafield tag="041" ind1=" " ind2=" "><subfield code="a">ger</subfield></datafield><datafield tag="100" ind1="1" ind2=" "><subfield code="a">Zapletal, Ursula</subfield><subfield code="0">(DE-Frei129)00808708</subfield></datafield><datafield tag="245" ind1="1" ind2="0"><subfield code="a">Theoretisch - didaktische Überlegungen zur Fundierung des fächerübergreifenden Unterrichts als ein vernetztes Unterrichtskonzept</subfield><subfield code="c">Ursula Zapletal</subfield></datafield><datafield tag="250" ind1=" " ind2=" "><subfield code="a">1. Aufl.</subfield></datafield><datafield tag="260" ind1="3" ind2=" "><subfield code="a">Wien</subfield><subfield code="b">kaliber</subfield><subfield code="c">2010</subfield></datafield><datafield tag="300" ind1=" " ind2=" "><subfield code="a">231  Seiten</subfield><subfield code="b">graph. Darst.</subfield><subfield code="c">230 mm x 155 mm, 492 gr.</subfield></datafield><datafield tag="500" ind1=" " ind2=" "><subfield code="a">5090: ddsu/sred</subfield></datafield><datafield tag="502" ind1=" " ind2=" "><subfield code="a">Zugl.: Passau, Univ., Diss.</subfield></datafield><datafield tag="650" ind1=" " ind2="7"><subfield code="a">Fächerübergreifender Unterricht</subfield><subfield code="0">(DE-Frei129)00056407</subfield><subfield code="0">(DE-588)4153520-0</subfield><subfield code="2">gnd</subfield></datafield><datafield tag="689" ind1="0" ind2="0"><subfield code="0">(DE-588)4153520-0</subfield><subfield code="D">s</subfield><subfield code="a">Fächerübergreifender Unterricht</subfield><subfield code="5">DE-101</subfield></datafield><datafield tag="852" ind1=" " ind2=" "><subfield code="a">Frei129</subfield><subfield code="c">Paed M 10: 25</subfield></datafield><datafield tag="856" ind1="4" ind2=" "><subfield code="8">00</subfield><subfield code="u">http://bvbr.bib-bvb.de:8991/F?func=service&amp;doc_library=BVB01&amp;doc_number=020303254&amp;line_number=0001&amp;func_code=DB_RECORDS&amp;service_type=MEDIA</subfield><subfield code="y">Inhaltsverzeichnis</subfield></datafield><datafield tag="980" ind1="0" ind2=" "><subfield code="a">00218658</subfield><subfield code="9">(PHFR)</subfield><subfield code="b">EG-Anbau (32)</subfield><subfield code="c">Paed M 10: 25</subfield><subfield code="d">Standardleihe (01)</subfield><subfield code="e">Verfügbar (X)</subfield></datafield></record>