
<record><leader>05369nam a2200000uu 4500</leader><controlfield tag="001">02331655</controlfield><controlfield tag="003">DE-Frei129</controlfield><controlfield tag="005">20220811084042.0</controlfield><controlfield tag="007">tu</controlfield><controlfield tag="008">101014s2010    ||||||||||||||||||||ger||</controlfield><datafield tag="015" ind1=" " ind2=" "><subfield code="a">10,N20</subfield></datafield><datafield tag="016" ind1="7" ind2=" "><subfield code="a">1002406730</subfield><subfield code="2">DE-101</subfield></datafield><datafield tag="020" ind1=" " ind2=" "><subfield code="a">9783772525131</subfield><subfield code="9">9783772525131</subfield><subfield code="c">GB. : ca. EUR 16.90, ca. sfr 28.50 (freier Pr.)</subfield></datafield><datafield tag="024" ind1="3" ind2=" "><subfield code="a">9783772525131</subfield></datafield><datafield tag="035" ind1=" " ind2=" "><subfield code="a">(DE-576)1605690139</subfield></datafield><datafield tag="041" ind1=" " ind2=" "><subfield code="a">ger</subfield></datafield><datafield tag="044" ind1=" " ind2=" "><subfield code="c">XA-DE-BW</subfield></datafield><datafield tag="100" ind1="1" ind2=" "><subfield code="a">Martens, Martin Georg</subfield><subfield code="0">(DE-Frei129)00800200</subfield><subfield code="0">(DE-588)109757181</subfield></datafield><datafield tag="245" ind1="1" ind2="4"><subfield code="a">Die verborgenen Wirkungen der Sprache im Kindergarten</subfield><subfield code="b">Anregungen zum spielenden Umgang mit den Sprachkräften</subfield><subfield code="c">Martin Georg Martens; Sabine Schäfer</subfield></datafield><datafield tag="250" ind1=" " ind2=" "><subfield code="a">1. Aufl.</subfield></datafield><datafield tag="260" ind1="3" ind2=" "><subfield code="a">Stuttgart</subfield><subfield code="b">Verlag Freies Geistesleben</subfield><subfield code="c">2010</subfield></datafield><datafield tag="300" ind1=" " ind2=" "><subfield code="a">226 Seiten</subfield></datafield><datafield tag="500" ind1=" " ind2=" "><subfield code="a">Archivierung/Langzeitarchivierung gewährleistet</subfield></datafield><datafield tag="650" ind1=" " ind2="7"><subfield code="a">Rhythmus</subfield><subfield code="0">(DE-Frei129)00047091</subfield><subfield code="0">(DE-588)4132330-0</subfield><subfield code="2">gnd</subfield></datafield><datafield tag="650" ind1=" " ind2="7"><subfield code="a">Wortwiederholung</subfield><subfield code="0">(DE-Frei129)00070865</subfield><subfield code="0">(DE-588)4190289-0</subfield><subfield code="2">gnd</subfield></datafield><datafield tag="650" ind1=" " ind2="7"><subfield code="a">Gebärde</subfield><subfield code="0">(DE-Frei129)00057984</subfield><subfield code="0">(DE-588)4156123-5</subfield><subfield code="2">gnd</subfield></datafield><datafield tag="650" ind1=" " ind2="7"><subfield code="a">Metrik</subfield><subfield code="0">(DE-Frei129)00016513</subfield><subfield code="0">(DE-588)4039002-0</subfield><subfield code="2">gnd</subfield></datafield><datafield tag="650" ind1=" " ind2="7"><subfield code="a">Sprachspiel</subfield><subfield code="0">(DE-Frei129)00022855</subfield><subfield code="0">(DE-588)4056496-4</subfield><subfield code="2">gnd</subfield></datafield><datafield tag="650" ind1=" " ind2="7"><subfield code="a">Vorschulerziehung</subfield><subfield code="0">(DE-Frei129)00025677</subfield><subfield code="0">(DE-588)4064016-4</subfield><subfield code="2">gnd</subfield></datafield><datafield tag="689" ind1="0" ind2="0"><subfield code="0">(DE-588)4132330-0</subfield><subfield code="D">s</subfield><subfield code="a">Rhythmus </subfield></datafield><datafield tag="689" ind1="0" ind2="1"><subfield code="0">(DE-588)4190289-0</subfield><subfield code="D">s</subfield><subfield code="a">Wortwiederholung </subfield></datafield><datafield tag="689" ind1="0" ind2="2"><subfield code="0">(DE-588)4156123-5</subfield><subfield code="D">s</subfield><subfield code="a">Gebärde </subfield></datafield><datafield tag="689" ind1="0" ind2="3"><subfield code="0">(DE-588)4039002-0</subfield><subfield code="D">s</subfield><subfield code="a">Metrik </subfield></datafield><datafield tag="689" ind1="0" ind2="4"><subfield code="0">(DE-588)4056496-4</subfield><subfield code="D">s</subfield><subfield code="a">Sprachspiel </subfield></datafield><datafield tag="689" ind1="0" ind2="5"><subfield code="0">(DE-588)4064016-4</subfield><subfield code="D">s</subfield><subfield code="a">Vorschulerziehung</subfield><subfield code="5">DE-101</subfield></datafield><datafield tag="700" ind1="1" ind2=" "><subfield code="0">(DE-588)142884839</subfield><subfield code="0">(DE-Frei129)00812375</subfield><subfield code="a">Schäfer, Sabine</subfield><subfield code="4">aut</subfield></datafield><datafield tag="852" ind1=" " ind2=" "><subfield code="a">Frei 129</subfield><subfield code="b">PHFR</subfield><subfield code="c">ES 783 M377</subfield></datafield><datafield tag="856" ind1="4" ind2=" "><subfield code="8">00</subfield><subfield code="u">http://d-nb.info/1002406730/04</subfield><subfield code="y">Inhaltsverzeichnis</subfield></datafield><datafield tag="980" ind1="0" ind2=" "><subfield code="a">00218616</subfield><subfield code="9">(PHFR)</subfield><subfield code="b">2.OG (35)</subfield><subfield code="c">ES 783 M377</subfield><subfield code="d">Standardleihe (01)</subfield><subfield code="e">Verfügbar (X)</subfield></datafield></record>