
<record><leader>05227nam a2200000uu 4500</leader><controlfield tag="001">02331594</controlfield><controlfield tag="003">DE-Frei129</controlfield><controlfield tag="005">20220811084042.0</controlfield><controlfield tag="007">tu</controlfield><controlfield tag="008">100825s2010    |||||||||m||||||||||ger||</controlfield><datafield tag="015" ind1=" " ind2=" "><subfield code="a">10,A38</subfield></datafield><datafield tag="016" ind1="7" ind2=" "><subfield code="a">1005976112</subfield><subfield code="2">DE-101</subfield></datafield><datafield tag="020" ind1=" " ind2=" "><subfield code="a">9783866647725</subfield><subfield code="9">9783866647725</subfield><subfield code="c">kart. : EUR 38.00</subfield></datafield><datafield tag="024" ind1="3" ind2=" "><subfield code="a">9783866647725</subfield></datafield><datafield tag="035" ind1=" " ind2=" "><subfield code="a">(DE-576)633835218</subfield></datafield><datafield tag="041" ind1=" " ind2=" "><subfield code="a">ger</subfield></datafield><datafield tag="044" ind1=" " ind2=" "><subfield code="c">XA-DE-BE</subfield></datafield><datafield tag="100" ind1="1" ind2=" "><subfield code="a">Mueller, Andreas</subfield><subfield code="0">(DE-Frei129)00191493</subfield></datafield><datafield tag="245" ind1="1" ind2="0"><subfield code="a">Rückmeldungen nach Vergleichsarbeiten im Kontext des schulischen Qualitätsmanagements</subfield><subfield code="b">drei explorative Studien zu Gestaltung und Rezeption im Anschluss an KOALA-S</subfield><subfield code="c">Andreas Müller</subfield></datafield><datafield tag="260" ind1="3" ind2=" "><subfield code="a">Berlin</subfield><subfield code="b">mbv, Mensch-und-Buch-Verl.</subfield><subfield code="c">2010</subfield></datafield><datafield tag="300" ind1=" " ind2=" "><subfield code="a">264 Seiten</subfield><subfield code="b">graph. Darst.</subfield><subfield code="c">21 cm</subfield></datafield><datafield tag="490" ind1="0" ind2=" "><subfield code="a">Educational science</subfield></datafield><datafield tag="500" ind1=" " ind2=" "><subfield code="a">München</subfield></datafield><datafield tag="500" ind1=" " ind2=" "><subfield code="a">IMD-Felder maschinell generiert (GBV)</subfield></datafield><datafield tag="502" ind1=" " ind2=" "><subfield code="a">München, Ludwig-Maximilians-Univ., Diss., 2009</subfield></datafield><datafield tag="650" ind1=" " ind2="7"><subfield code="a">Schule</subfield><subfield code="0">(DE-Frei129)00003193</subfield><subfield code="0">(DE-588)4053474-1</subfield><subfield code="2">gnd</subfield></datafield><datafield tag="650" ind1=" " ind2="7"><subfield code="a">Vergleichsarbeit</subfield><subfield code="0">(DE-Frei129)00118637</subfield><subfield code="0">(DE-588)7527766-9</subfield><subfield code="2">gnd</subfield></datafield><datafield tag="650" ind1=" " ind2="7"><subfield code="a">Evaluation</subfield><subfield code="0">(DE-Frei129)00007200</subfield><subfield code="0">(DE-588)4071034-8</subfield><subfield code="2">gnd</subfield></datafield><datafield tag="650" ind1=" " ind2="7"><subfield code="a">Qualitätsmanagement</subfield><subfield code="0">(DE-Frei129)00019909</subfield><subfield code="0">(DE-588)4219057-5</subfield><subfield code="2">gnd</subfield></datafield><datafield tag="650" ind1=" " ind2="7"><subfield code="a">Leistungsbeurteilung</subfield><subfield code="0">(DE-Frei129)00051699</subfield><subfield code="0">(DE-588)4139370-3</subfield><subfield code="2">gnd</subfield></datafield><datafield tag="689" ind1="0" ind2="0"><subfield code="0">(DE-588)4053474-1</subfield><subfield code="D">s</subfield><subfield code="a">Schule </subfield></datafield><datafield tag="689" ind1="0" ind2="1"><subfield code="0">(DE-588)7527766-9</subfield><subfield code="D">s</subfield><subfield code="a">Vergleichsarbeit </subfield></datafield><datafield tag="689" ind1="0" ind2="2"><subfield code="0">(DE-588)4071034-8</subfield><subfield code="D">s</subfield><subfield code="a">Evaluation </subfield></datafield><datafield tag="689" ind1="0" ind2="3"><subfield code="0">(DE-588)4219057-5</subfield><subfield code="D">s</subfield><subfield code="a">Qualitätsmanagement </subfield></datafield><datafield tag="689" ind1="0" ind2="4"><subfield code="0">(DE-588)4139370-3</subfield><subfield code="D">s</subfield><subfield code="a">Leistungsbeurteilung</subfield><subfield code="5">DE-101</subfield></datafield><datafield tag="700" ind1="1" ind2=" "><subfield code="0">(DE-588)13628678X</subfield><subfield code="0">(DE-Frei129)58599445</subfield><subfield code="a">Müller, Andreas</subfield><subfield code="4">aut</subfield></datafield><datafield tag="852" ind1=" " ind2=" "><subfield code="a">Frei129</subfield><subfield code="c">Paed L 190: 80</subfield></datafield><datafield tag="856" ind1="4" ind2=" "><subfield code="8">00</subfield><subfield code="u">http://d-nb.info/1005976112/04</subfield><subfield code="y">Inhaltsverzeichnis</subfield></datafield><datafield tag="980" ind1="0" ind2=" "><subfield code="a">00213439</subfield><subfield code="9">(PHFR)</subfield><subfield code="b">EG-Anbau (32)</subfield><subfield code="c">Paed L 190: 80</subfield><subfield code="d">Standardleihe (01)</subfield><subfield code="e">Verfügbar (X)</subfield></datafield></record>