
<record><leader>02885nam a2200000uu 4500</leader><controlfield tag="001">02331566</controlfield><controlfield tag="003">DE-Frei129</controlfield><controlfield tag="005">20220811084042.0</controlfield><controlfield tag="007">tu</controlfield><controlfield tag="008">101012s2010    ||||||||||||||||||||ger||</controlfield><datafield tag="015" ind1=" " ind2=" "><subfield code="a">10,N20</subfield></datafield><datafield tag="016" ind1="7" ind2=" "><subfield code="a">1002414393</subfield><subfield code="2">DE-101</subfield></datafield><datafield tag="020" ind1=" " ind2=" "><subfield code="a">9783868510140</subfield><subfield code="9">978-3-86851-014-0</subfield><subfield code="c">Gb. : EUR 19.90, sfr 33.60 (freier Pr.)</subfield></datafield><datafield tag="024" ind1="3" ind2=" "><subfield code="a">9783868510140</subfield></datafield><datafield tag="035" ind1=" " ind2=" "><subfield code="a">(DE-576)1605638137</subfield></datafield><datafield tag="041" ind1=" " ind2=" "><subfield code="a">ger</subfield></datafield><datafield tag="044" ind1=" " ind2=" "><subfield code="c">XA-DE-BE</subfield></datafield><datafield tag="245" ind1="1" ind2="0"><subfield code="a">Von Markt &amp; Metzger</subfield><subfield code="b">[die neue Lust am Selbermachen; Kochen mit fast vergessenen Zutaten]</subfield><subfield code="c">Dagmar von Cramm</subfield></datafield><datafield tag="246" ind1="1" ind2="3"><subfield code="a">Von Markt und Metzger</subfield></datafield><datafield tag="260" ind1="3" ind2=" "><subfield code="a">Berlin</subfield><subfield code="b">Stiftung Warentest</subfield><subfield code="c">2010 2010</subfield></datafield><datafield tag="300" ind1=" " ind2=" "><subfield code="a">239  Seiten</subfield><subfield code="b">überw. Ill.</subfield><subfield code="c">255 mm x 198 mm</subfield></datafield><datafield tag="500" ind1=" " ind2=" "><subfield code="a">IMD-Felder und 1131 maschinell ergänzt</subfield></datafield><datafield tag="700" ind1="1" ind2=" "><subfield code="0">(DE-588)115672788</subfield><subfield code="0">(DE-Frei129)00094104</subfield><subfield code="a">Cramm, Dagmar von</subfield><subfield code="4">aut</subfield></datafield><datafield tag="852" ind1=" " ind2=" "><subfield code="a">Frei 129</subfield><subfield code="b">PHFR</subfield><subfield code="c">ZE 77000 C889 V9</subfield></datafield><datafield tag="856" ind1="4" ind2=" "><subfield code="8">00</subfield><subfield code="u">http://deposit.d-nb.de/cgi-bin/dokserv?id=3474282&amp;prov=M&amp;dok_var=1&amp;dok_ext=htm</subfield><subfield code="y">Inhaltstext</subfield></datafield><datafield tag="980" ind1="0" ind2=" "><subfield code="a">00214509</subfield><subfield code="9">(PHFR)</subfield><subfield code="b">3.OG (37)</subfield><subfield code="c">ZE 77000 C889 V9</subfield><subfield code="d">Standardleihe (01)</subfield><subfield code="e">Verfügbar (X)</subfield></datafield></record>