
<record><leader>04412nam a2200000uu 4500</leader><controlfield tag="001">02331535</controlfield><controlfield tag="003">DE-Frei129</controlfield><controlfield tag="005">20220811084042.0</controlfield><controlfield tag="007">tu</controlfield><controlfield tag="008">101012s2010    ||||||||||||||||||||ger||</controlfield><datafield tag="020" ind1=" " ind2=" "><subfield code="a">9783407220929</subfield><subfield code="9">9783407220929</subfield></datafield><datafield tag="035" ind1=" " ind2=" "><subfield code="a">(DE-576)1605618802</subfield></datafield><datafield tag="041" ind1=" " ind2=" "><subfield code="a">ger</subfield></datafield><datafield tag="100" ind1="1" ind2=" "><subfield code="a">Wild, Rebeca</subfield><subfield code="0">(DE-Frei129)00082851</subfield><subfield code="0">(DE-588)120078651</subfield></datafield><datafield tag="245" ind1="1" ind2="0"><subfield code="a">Lebensqualität für Kinder und andere Menschen</subfield><subfield code="b">Erziehung und der Respekt für das innere Wachstum von Kindern und Jugendlichen</subfield><subfield code="c">Rebeca Wild</subfield></datafield><datafield tag="250" ind1=" " ind2=" "><subfield code="a">4. Aufl.</subfield></datafield><datafield tag="260" ind1="3" ind2=" "><subfield code="a">Weinheim ; Basel</subfield><subfield code="b">Juventa-Verl.</subfield><subfield code="c">2010</subfield></datafield><datafield tag="300" ind1=" " ind2=" "><subfield code="a">312 Seiten</subfield></datafield><datafield tag="490" ind1="1" ind2=" "><subfield code="a">Beltz-Taschenbuch </subfield><subfield code="v">92</subfield></datafield><datafield tag="500" ind1=" " ind2=" "><subfield code="a">Archivierung/Langzeitarchivierung gewährleistet</subfield></datafield><datafield tag="520" ind1=" " ind2=" "><subfield code="a">20 Jahre nach Erscheinen des Buches &quot;Erziehung zum Sein&quot; schreibt Rebeca Wild über die weitere Entwicklung einer in der Welt wohl einzigartigen Schule, die sie 1977 zusammen mit ihrem Mann Mauricio in Ecuador gegründet hat. Im &quot;Pesta&quot; geht es vor allem darum, wie eine für die Kinder und ihre Reifungs- und Entwicklungsschritte &quot;vorbereitete Umgebung&quot; etwas anderes anbieten kann als die herkömmliche Schule. Denn Kinder und Jugendliche müssen nicht belehrt werden, sondern brauchen eine Umgebung, die ihren emotionalen und mentalen Wachstumsprozessen entspricht. Nicht der Versuch, den Kindern lediglich &quot;Wissen&quot; einzutrichtern, sondern der Respekt vor der Individualität eines jeden Kindes und vor seinem inneren Entwicklungsplan liegt dem Ansatz zugrunde, der natürlich die Methoden Maria Montessoris einbezieht, sich aber auch auf so unterschiedliche Autoren wie Piaget, Hoimar von Ditfurth, Illich, Neill oder Maturana bezieht.</subfield></datafield><datafield tag="610" ind1="2" ind2="7"><subfield code="a">Pestalozzi-Schule Tumbaco</subfield><subfield code="0">(DE-Frei129)00223315</subfield><subfield code="0">(DE-588)4299073-7</subfield><subfield code="2">gnd</subfield></datafield><datafield tag="655" ind1=" " ind2="7"><subfield code="a">Erlebnisbericht</subfield><subfield code="0">(DE-Frei129)00000054</subfield><subfield code="2">local</subfield></datafield><datafield tag="689" ind1="0" ind2="0"><subfield code="0">(DE-588)4299073-7</subfield><subfield code="D">b</subfield><subfield code="a">Pestalozzi-Schule Tumbaco</subfield><subfield code="5">DE-101</subfield></datafield><datafield tag="776" ind1="0" ind2="8"><subfield code="a">Rebeca Wild</subfield><subfield code="i">Erscheint auch als Online-Ausgabe</subfield><subfield code="t">Lebensqualität für Kinder und andere Menschen</subfield><subfield code="w">(DE-Frei129)02331536</subfield><subfield code="w">(DE-576)818179694</subfield></datafield><datafield tag="830" ind1=" " ind2="0"><subfield code="a">Beltz-Taschenbuch</subfield><subfield code="v">92</subfield><subfield code="w">(DE-Frei129)00207803</subfield><subfield code="9">292</subfield></datafield><datafield tag="852" ind1=" " ind2=" "><subfield code="a">Frei129</subfield><subfield code="c">Paed L 170: 109 a</subfield></datafield><datafield tag="980" ind1="0" ind2=" "><subfield code="a">00219740</subfield><subfield code="9">(PHFR)</subfield><subfield code="b">EG-Anbau (32)</subfield><subfield code="c">Paed L 170: 109 a</subfield><subfield code="d">Standardleihe (01)</subfield><subfield code="e">Verfügbar (X)</subfield></datafield></record>