
<record><leader>05517nam a2200000uu 4500</leader><controlfield tag="001">02331466</controlfield><controlfield tag="003">DE-Frei129</controlfield><controlfield tag="005">20220811084042.0</controlfield><controlfield tag="007">tu</controlfield><controlfield tag="008">101007s2010    ||||||||||||||||||||ger||</controlfield><datafield tag="015" ind1=" " ind2=" "><subfield code="a">10,B40</subfield></datafield><datafield tag="016" ind1="7" ind2=" "><subfield code="a">1005134251</subfield><subfield code="2">DE-101</subfield></datafield><datafield tag="020" ind1=" " ind2=" "><subfield code="a">9783924945572</subfield><subfield code="9">9783924945572</subfield><subfield code="c">kart. : EUR 50.00 (DE), EUR 55.00 (AT), sfr 75.00 (freier Pr.)</subfield></datafield><datafield tag="020" ind1=" " ind2=" "><subfield code="a">3924945578</subfield><subfield code="9">3924945578</subfield><subfield code="c">kart. : EUR 50.00 (DE), EUR 55.00 (AT), sfr 75.00 (freier Pr.)</subfield></datafield><datafield tag="024" ind1="3" ind2=" "><subfield code="a">9783924945572</subfield></datafield><datafield tag="035" ind1=" " ind2=" "><subfield code="a">(DE-576)1401048730</subfield></datafield><datafield tag="041" ind1=" " ind2=" "><subfield code="a">ger</subfield></datafield><datafield tag="044" ind1=" " ind2=" "><subfield code="c">XA-DE-BW</subfield></datafield><datafield tag="100" ind1="1" ind2=" "><subfield code="a">Lackmann, Jürgen</subfield><subfield code="0">(DE-Frei129)00375447</subfield><subfield code="0">(DE-588)109135415</subfield><subfield code="4">aut</subfield></datafield><datafield tag="245" ind1="1" ind2="0"><subfield code="a">Finanzielle Allgemeinbildung Jugendlicher</subfield><subfield code="b">empirische Befunde und didaktische Folgerungen</subfield><subfield code="c">Jürgen Lackmann</subfield></datafield><datafield tag="250" ind1=" " ind2=" "><subfield code="a">1. Aufl.</subfield></datafield><datafield tag="260" ind1="3" ind2=" "><subfield code="a">Weingarten</subfield><subfield code="b">Pädag. Hochsch.</subfield><subfield code="c">2010</subfield></datafield><datafield tag="300" ind1=" " ind2=" "><subfield code="a">116 Seiten</subfield><subfield code="b">graph. Darst.</subfield><subfield code="c">30 cm</subfield></datafield><datafield tag="490" ind1="1" ind2=" "><subfield code="a">Wirtschaft: anders denken, anders lehren, anders lernen </subfield><subfield code="v">Bd. 16</subfield></datafield><datafield tag="500" ind1=" " ind2=" "><subfield code="a">Literaturangaben</subfield></datafield><datafield tag="500" ind1=" " ind2=" "><subfield code="a">Archivierung/Langzeitarchivierung gewährleistet</subfield></datafield><datafield tag="650" ind1=" " ind2="7"><subfield code="a">Jugend</subfield><subfield code="0">(DE-Frei129)00001631</subfield><subfield code="0">(DE-588)4028859-6</subfield><subfield code="2">gnd</subfield></datafield><datafield tag="650" ind1=" " ind2="7"><subfield code="a">Finanzwirtschaft</subfield><subfield code="0">(DE-Frei129)00008173</subfield><subfield code="0">(DE-588)4017214-4</subfield><subfield code="2">gnd</subfield></datafield><datafield tag="650" ind1=" " ind2="7"><subfield code="a">Wissen</subfield><subfield code="0">(DE-Frei129)00026487</subfield><subfield code="0">(DE-588)4066559-8</subfield><subfield code="2">gnd</subfield></datafield><datafield tag="650" ind1=" " ind2="7"><subfield code="a">Datenerhebung</subfield><subfield code="0">(DE-Frei129)00057564</subfield><subfield code="0">(DE-588)4155272-6</subfield><subfield code="2">gnd</subfield></datafield><datafield tag="651" ind1=" " ind2="7"><subfield code="a">Deutschland</subfield><subfield code="0">(DE-Frei129)00005806</subfield><subfield code="0">(DE-588)4011882-4</subfield><subfield code="2">gnd</subfield></datafield><datafield tag="689" ind1="0" ind2="0"><subfield code="0">(DE-588)4011882-4</subfield><subfield code="D">g</subfield><subfield code="a">Deutschland </subfield></datafield><datafield tag="689" ind1="0" ind2="1"><subfield code="0">(DE-588)4028859-6</subfield><subfield code="D">s</subfield><subfield code="a">Jugend </subfield></datafield><datafield tag="689" ind1="0" ind2="2"><subfield code="0">(DE-588)4017214-4</subfield><subfield code="D">s</subfield><subfield code="a">Finanzwirtschaft </subfield></datafield><datafield tag="689" ind1="0" ind2="3"><subfield code="0">(DE-588)4066559-8</subfield><subfield code="D">s</subfield><subfield code="a">Wissen </subfield></datafield><datafield tag="689" ind1="0" ind2="4"><subfield code="0">(DE-588)4155272-6</subfield><subfield code="D">s</subfield><subfield code="a">Datenerhebung</subfield><subfield code="5">DE-101</subfield></datafield><datafield tag="830" ind1=" " ind2="0"><subfield code="a">Wirtschaft</subfield><subfield code="v">Bd. 16</subfield><subfield code="w">(DE-Frei129)58124953</subfield><subfield code="9">216</subfield></datafield><datafield tag="852" ind1=" " ind2=" "><subfield code="a">Frei 129</subfield><subfield code="b">PHFR</subfield><subfield code="c">QB 320 L141</subfield></datafield><datafield tag="856" ind1="4" ind2=" "><subfield code="8">00</subfield><subfield code="u">http://d-nb.info/1005134251/04</subfield><subfield code="y">Inhaltsverzeichnis</subfield></datafield><datafield tag="980" ind1="0" ind2=" "><subfield code="a">00213239</subfield><subfield code="9">(PHFR)</subfield><subfield code="b">UG (33)</subfield><subfield code="c">Pol M 750: 67</subfield><subfield code="d">Standardleihe (01)</subfield><subfield code="e">Verfügbar (X)</subfield></datafield></record>