
<record><leader>04598nam a2200000uu 4500</leader><controlfield tag="001">02331461</controlfield><controlfield tag="003">DE-Frei129</controlfield><controlfield tag="005">20220811084042.0</controlfield><controlfield tag="007">tu</controlfield><controlfield tag="008">100810s2010    ||||||||||||||||||||ger||</controlfield><datafield tag="015" ind1=" " ind2=" "><subfield code="a">10,N31</subfield></datafield><datafield tag="016" ind1="7" ind2=" "><subfield code="a">1005065241</subfield><subfield code="2">DE-101</subfield></datafield><datafield tag="020" ind1=" " ind2=" "><subfield code="a">9783839189139</subfield><subfield code="9">9783839189139</subfield><subfield code="c">PB. : EUR 9.90, sfr 17.50 (freier Pr.)</subfield></datafield><datafield tag="024" ind1="3" ind2=" "><subfield code="a">9783839189139</subfield></datafield><datafield tag="035" ind1=" " ind2=" "><subfield code="a">(DE-576)632501995</subfield></datafield><datafield tag="041" ind1=" " ind2=" "><subfield code="a">ger</subfield></datafield><datafield tag="044" ind1=" " ind2=" "><subfield code="c">XA-DE-SH</subfield></datafield><datafield tag="100" ind1="1" ind2=" "><subfield code="a">Pilz, Mario</subfield><subfield code="0">(DE-Frei129)00808679</subfield></datafield><datafield tag="245" ind1="1" ind2="4"><subfield code="a">Die Entwicklung der Schulklasse als Gruppe hin zur Klassengemeinschaft</subfield><subfield code="b">Handbuch für Lehrer und Gruppenleiter als Entwicklungshelfer</subfield><subfield code="c">Mario Pilz</subfield></datafield><datafield tag="250" ind1=" " ind2=" "><subfield code="a">2. Aufl.</subfield></datafield><datafield tag="260" ind1="3" ind2=" "><subfield code="a">Norderstedt</subfield><subfield code="b">Books on Demand</subfield><subfield code="c">2010</subfield></datafield><datafield tag="300" ind1=" " ind2=" "><subfield code="a">96 Seiten</subfield><subfield code="b">graph. Darst.</subfield><subfield code="c">210 mm x 148 mm, 150 gr.</subfield></datafield><datafield tag="500" ind1=" " ind2=" "><subfield code="a">IMD-Felder maschinell generiert (GBV)</subfield></datafield><datafield tag="501" ind1=" " ind2=" "><subfield code="a">Literaturverz. S. 91 - 95</subfield></datafield><datafield tag="650" ind1=" " ind2="7"><subfield code="a">Unterrichtsklima</subfield><subfield code="0">(DE-Frei129)00066902</subfield><subfield code="0">(DE-588)4187080-3</subfield><subfield code="2">gnd</subfield></datafield><datafield tag="650" ind1=" " ind2="7"><subfield code="a">Sozialerziehung</subfield><subfield code="0">(DE-Frei129)00022479</subfield><subfield code="0">(DE-588)4055757-1</subfield><subfield code="2">gnd</subfield></datafield><datafield tag="650" ind1=" " ind2="7"><subfield code="a">Gruppenpädagogik</subfield><subfield code="0">(DE-Frei129)00051373</subfield><subfield code="0">(DE-588)4138926-8</subfield><subfield code="2">gnd</subfield></datafield><datafield tag="689" ind1="0" ind2="0"><subfield code="0">(DE-588)4187080-3</subfield><subfield code="D">s</subfield><subfield code="a">Unterrichtsklima </subfield></datafield><datafield tag="689" ind1="0" ind2="1"><subfield code="0">(DE-588)4055757-1</subfield><subfield code="D">s</subfield><subfield code="a">Sozialerziehung </subfield></datafield><datafield tag="689" ind1="0" ind2="2"><subfield code="0">(DE-588)4138926-8</subfield><subfield code="D">s</subfield><subfield code="a">Gruppenpädagogik</subfield><subfield code="5">DE-101</subfield></datafield><datafield tag="852" ind1=" " ind2=" "><subfield code="a">Frei129</subfield><subfield code="c">Psy G 530: 15</subfield></datafield><datafield tag="856" ind1="4" ind2=" "><subfield code="8">00</subfield><subfield code="u">http://deposit.d-nb.de/cgi-bin/dokserv?id=3518028&amp;prov=M&amp;dok_var=1&amp;dok_ext=htm</subfield><subfield code="y">Inhaltstext</subfield></datafield><datafield tag="856" ind1="4" ind2=" "><subfield code="8">01</subfield><subfield code="u">http://d-nb.info/1005065241/04</subfield><subfield code="y">Verlagsinformation</subfield></datafield><datafield tag="856" ind1="4" ind2=" "><subfield code="8">02</subfield><subfield code="u">http://deposit.d-nb.de/cgi-bin/dokserv?id=3518028&amp;prov=M&amp;dok_var=1&amp;dok_ext=htm</subfield><subfield code="y">Inhaltstext</subfield></datafield><datafield tag="980" ind1="0" ind2=" "><subfield code="a">00213452</subfield><subfield code="9">(PHFR)</subfield><subfield code="b">EG-Anbau (32)</subfield><subfield code="c">Psy G 530: 15</subfield><subfield code="d">Standardleihe (01)</subfield><subfield code="e">ausgeliehen (A) - Fälligkeitsdatum: 29.08.2022</subfield></datafield></record>