
<record><leader>04010nam a2200000uu 4500</leader><controlfield tag="001">02331412</controlfield><controlfield tag="003">DE-Frei129</controlfield><controlfield tag="005">20220811084042.0</controlfield><controlfield tag="007">tu</controlfield><controlfield tag="008">101006s2010    ||||||||||||||||||||ger||</controlfield><datafield tag="020" ind1=" " ind2=" "><subfield code="a">9783872944078</subfield><subfield code="9">978-3-87294-407-8</subfield></datafield><datafield tag="035" ind1=" " ind2=" "><subfield code="a">(DE-576)1605529443</subfield></datafield><datafield tag="041" ind1=" " ind2=" "><subfield code="a">ger</subfield></datafield><datafield tag="245" ind1="1" ind2="0"><subfield code="a">Vom kleinen Maulwurf, der wissen wollte, wer ihm auf den Kopf gemacht hat</subfield><subfield code="c">Werner Holzwarth; Wolf Erlbruch</subfield></datafield><datafield tag="250" ind1=" " ind2=" "><subfield code="a">40. Aufl.</subfield></datafield><datafield tag="260" ind1="3" ind2=" "><subfield code="a">Wuppertal</subfield><subfield code="b">Hammer</subfield><subfield code="c">2010</subfield></datafield><datafield tag="300" ind1=" " ind2=" "><subfield code="a">[21]  Seiten</subfield><subfield code="b">überwiegend Ill.</subfield></datafield><datafield tag="500" ind1=" " ind2=" "><subfield code="a">5090 maschinell aus ähnlichen Titelaufnahmen ergänzt ; IMD-Felder und 1131 maschinell ergänzt</subfield></datafield><datafield tag="650" ind1=" " ind2="7"><subfield code="a">Maulwurf</subfield><subfield code="0">(DE-Frei129)00062844</subfield><subfield code="0">(DE-588)4169144-1</subfield><subfield code="2">gnd</subfield></datafield><datafield tag="650" ind1=" " ind2="7"><subfield code="a">Säugetiere</subfield><subfield code="0">(DE-Frei129)00021031</subfield><subfield code="0">(DE-588)4051253-8</subfield><subfield code="2">gnd</subfield></datafield><datafield tag="650" ind1=" " ind2="7"><subfield code="a">Kot</subfield><subfield code="0">(DE-Frei129)00061390</subfield><subfield code="0">(DE-588)4165398-1</subfield><subfield code="2">gnd</subfield></datafield><datafield tag="655" ind1=" " ind2="7"><subfield code="a">Bilderbuch</subfield><subfield code="0">(DE-Frei129)00000373</subfield><subfield code="2">local</subfield></datafield><datafield tag="689" ind1="0" ind2="0"><subfield code="0">(DE-588)4169144-1</subfield><subfield code="D">s</subfield><subfield code="a">Maulwurf </subfield></datafield><datafield tag="689" ind1="0" ind2="1"><subfield code="A">s</subfield><subfield code="a">Bilderbuch</subfield><subfield code="5">DE-101</subfield></datafield><datafield tag="689" ind1="1" ind2="0"><subfield code="0">(DE-588)4051253-8</subfield><subfield code="D">s</subfield><subfield code="a">Säugetiere </subfield></datafield><datafield tag="689" ind1="1" ind2="1"><subfield code="0">(DE-588)4165398-1</subfield><subfield code="D">s</subfield><subfield code="a">Kot </subfield></datafield><datafield tag="689" ind1="1" ind2="2"><subfield code="A">s</subfield><subfield code="a">Bilderbuch</subfield><subfield code="5">DE-101</subfield></datafield><datafield tag="700" ind1="1" ind2=" "><subfield code="0">(DE-588)113075499</subfield><subfield code="0">(DE-Frei129)00086151</subfield><subfield code="a">Holzwarth, Werner</subfield><subfield code="4">oth</subfield></datafield><datafield tag="700" ind1="1" ind2=" "><subfield code="0">(DE-588)119137143</subfield><subfield code="0">(DE-Frei129)00086152</subfield><subfield code="a">Erlbruch, Wolf</subfield><subfield code="4">oth</subfield></datafield><datafield tag="852" ind1=" " ind2=" "><subfield code="a">Frei 129</subfield><subfield code="b">PHFR</subfield><subfield code="c">ED 5540 H762 (40)</subfield></datafield><datafield tag="980" ind1="0" ind2=" "><subfield code="a">00214551</subfield><subfield code="9">(PHFR)</subfield><subfield code="b">2.OG (35)</subfield><subfield code="c">ED 5540 H762 (40)</subfield><subfield code="d">Standardleihe (01)</subfield><subfield code="e">Verfügbar (X)</subfield></datafield></record>