
<record><leader>03062nam a2200000uu 4500</leader><controlfield tag="001">02331410</controlfield><controlfield tag="003">DE-Frei129</controlfield><controlfield tag="005">20220811084042.0</controlfield><controlfield tag="007">tu</controlfield><controlfield tag="008">101006s2010    ||||||||||||||||||||ger||</controlfield><datafield tag="015" ind1=" " ind2=" "><subfield code="a">04,A42,0813</subfield></datafield><datafield tag="016" ind1="7" ind2=" "><subfield code="a">968552161</subfield><subfield code="2">DE-101</subfield></datafield><datafield tag="020" ind1=" " ind2=" "><subfield code="a">9783897747678</subfield><subfield code="9">9783897747678</subfield></datafield><datafield tag="024" ind1="3" ind2=" "><subfield code="a">9783897742055</subfield></datafield><datafield tag="035" ind1=" " ind2=" "><subfield code="a">(DE-576)160552817X</subfield></datafield><datafield tag="041" ind1=" " ind2=" "><subfield code="a">ger</subfield></datafield><datafield tag="100" ind1="1" ind2=" "><subfield code="a">Bauer-Seitz, Vera</subfield><subfield code="0">(DE-Frei129)00808675</subfield></datafield><datafield tag="245" ind1="1" ind2="0"><subfield code="a">Solange ich atme, hoffe ich</subfield><subfield code="b">vom Umgang mit der Krankheit Multiple Sklerose</subfield><subfield code="c">Vera Bauer-Seitz</subfield></datafield><datafield tag="250" ind1=" " ind2=" "><subfield code="a">4. Aufl.</subfield></datafield><datafield tag="260" ind1="3" ind2=" "><subfield code="a">Gelnhausen</subfield><subfield code="b">TRIGA-Verl.</subfield><subfield code="c">2010</subfield></datafield><datafield tag="300" ind1=" " ind2=" "><subfield code="a">199 Seiten</subfield><subfield code="c">21 cm</subfield></datafield><datafield tag="650" ind1=" " ind2="7"><subfield code="a">Multiple Sklerose</subfield><subfield code="0">(DE-Frei129)00017083</subfield><subfield code="0">(DE-588)4040693-3</subfield><subfield code="2">gnd</subfield></datafield><datafield tag="689" ind1="0" ind2="0"><subfield code="0">(DE-588)4040693-3</subfield><subfield code="D">s</subfield><subfield code="a">Multiple Sklerose</subfield><subfield code="5">DE-101</subfield></datafield><datafield tag="852" ind1=" " ind2=" "><subfield code="a">Frei129</subfield><subfield code="c">Bio E 630: 246</subfield></datafield><datafield tag="856" ind1="4" ind2=" "><subfield code="8">00</subfield><subfield code="u">http://d-nb.info/1012161390/04</subfield><subfield code="y">Inhaltsverzeichnis</subfield></datafield><datafield tag="856" ind1="4" ind2=" "><subfield code="8">01</subfield><subfield code="u">http://deposit.d-nb.de/cgi-bin/dokserv?id=3805875&amp;prov=M&amp;dok_var=1&amp;dok_ext=htm</subfield><subfield code="y">Verlagsinformation</subfield></datafield><datafield tag="980" ind1="0" ind2=" "><subfield code="a">00334147</subfield><subfield code="9">(PHFR)</subfield><subfield code="b">Handbibliothek (50)</subfield><subfield code="c">Bio E 630: 246</subfield><subfield code="d">Handbibliothek - nie verleihbar (54)</subfield><subfield code="e">Verfügbar (X)</subfield></datafield></record>