
<record><leader>03370nam a2200000uu 4500</leader><controlfield tag="001">02331386</controlfield><controlfield tag="003">DE-Frei129</controlfield><controlfield tag="005">20220811084042.0</controlfield><controlfield tag="007">tu</controlfield><controlfield tag="008">101005s2010    ||||||||||||||||||||ger||</controlfield><datafield tag="015" ind1=" " ind2=" "><subfield code="a">10,A27</subfield></datafield><datafield tag="016" ind1="7" ind2=" "><subfield code="a">1001701143</subfield><subfield code="2">DE-101</subfield></datafield><datafield tag="020" ind1=" " ind2=" "><subfield code="a">9783835407107</subfield><subfield code="9">9783835407107</subfield><subfield code="c">kart. : EUR 12.95 (DE, freier Pr.), EUR 13.40 (AT, freier Pr.), sfr 24.00 (freier Pr.)</subfield></datafield><datafield tag="024" ind1="3" ind2=" "><subfield code="a">9783835407107</subfield></datafield><datafield tag="035" ind1=" " ind2=" "><subfield code="a">(DE-576)1605511706</subfield></datafield><datafield tag="041" ind1=" " ind2=" "><subfield code="a">ger</subfield></datafield><datafield tag="044" ind1=" " ind2=" "><subfield code="c">XA-DE-BY</subfield></datafield><datafield tag="100" ind1="1" ind2=" "><subfield code="a">Bezzel, Einhard</subfield><subfield code="0">(DE-Frei129)00004854</subfield><subfield code="0">(DE-588)104586354</subfield></datafield><datafield tag="245" ind1="1" ind2="0"><subfield code="a">Vogelfedern</subfield><subfield code="b">Federn heimischer Arten nach Farben bestimmen; mit 60 Vogelporträts</subfield><subfield code="c">Einhard Bezzel</subfield></datafield><datafield tag="250" ind1=" " ind2=" "><subfield code="a">Neuausg., 3., durchges. Aufl.</subfield></datafield><datafield tag="260" ind1="3" ind2=" "><subfield code="a">München</subfield><subfield code="b">blv</subfield><subfield code="c">2010</subfield></datafield><datafield tag="300" ind1=" " ind2=" "><subfield code="a">127 Seiten</subfield><subfield code="b">zahlr. Ill.</subfield><subfield code="c">20 cm</subfield></datafield><datafield tag="500" ind1=" " ind2=" "><subfield code="a">Literaturangaben</subfield></datafield><datafield tag="650" ind1=" " ind2="7"><subfield code="a">Vogelfeder</subfield><subfield code="0">(DE-Frei129)00070131</subfield><subfield code="0">(DE-588)4188489-9</subfield><subfield code="2">gnd</subfield></datafield><datafield tag="651" ind1=" " ind2="7"><subfield code="a">Mitteleuropa</subfield><subfield code="0">(DE-Frei129)00016790</subfield><subfield code="0">(DE-588)4039677-0</subfield><subfield code="2">gnd</subfield></datafield><datafield tag="689" ind1="0" ind2="0"><subfield code="0">(DE-588)4039677-0</subfield><subfield code="D">g</subfield><subfield code="a">Mitteleuropa </subfield></datafield><datafield tag="689" ind1="0" ind2="1"><subfield code="0">(DE-588)4188489-9</subfield><subfield code="D">s</subfield><subfield code="a">Vogelfeder</subfield><subfield code="5">DE-101</subfield></datafield><datafield tag="852" ind1=" " ind2=" "><subfield code="a">Frei129</subfield><subfield code="c">Bio D 680: 134</subfield></datafield><datafield tag="980" ind1="0" ind2=" "><subfield code="a">00213752</subfield><subfield code="9">(PHFR)</subfield><subfield code="b">UG (33)</subfield><subfield code="c">Bio D 680: 134</subfield><subfield code="d">Standardleihe (01)</subfield><subfield code="e">Verfügbar (X)</subfield></datafield></record>