
<record><leader>04967nam a2200000uu 4500</leader><controlfield tag="001">02331270</controlfield><controlfield tag="003">DE-Frei129</controlfield><controlfield tag="005">20220811084043.0</controlfield><controlfield tag="007">tu</controlfield><controlfield tag="008">090708s2010    ||||||||||||||||||||eng||</controlfield><datafield tag="020" ind1=" " ind2=" "><subfield code="a">9780415560009</subfield><subfield code="9">9780415560009</subfield><subfield code="c">(hbk.) £80.00</subfield></datafield><datafield tag="020" ind1=" " ind2=" "><subfield code="a">9780415560016</subfield><subfield code="9">9780415560016</subfield><subfield code="c">(pbk.) £23.99</subfield></datafield><datafield tag="020" ind1=" " ind2=" "><subfield code="a">9780203863275</subfield><subfield code="9">9780203863275</subfield><subfield code="c">(ebk.)</subfield></datafield><datafield tag="020" ind1=" " ind2=" "><subfield code="a">0415560012</subfield><subfield code="9">0415560012</subfield><subfield code="c">(pbk.) £23.99</subfield></datafield><datafield tag="020" ind1=" " ind2=" "><subfield code="a">0415560004</subfield><subfield code="9">0415560004</subfield><subfield code="c">(hbk.) £80.00</subfield></datafield><datafield tag="020" ind1=" " ind2=" "><subfield code="a">0203863275</subfield><subfield code="9">0203863275</subfield><subfield code="c">(ebk.)</subfield></datafield><datafield tag="035" ind1=" " ind2=" "><subfield code="a">(DE-576)604426577</subfield></datafield><datafield tag="041" ind1=" " ind2=" "><subfield code="a">eng</subfield></datafield><datafield tag="044" ind1=" " ind2=" "><subfield code="c">XA-GB</subfield><subfield code="c">XD-US</subfield></datafield><datafield tag="245" ind1="1" ind2="0"><subfield code="a">Researching IT in education</subfield><subfield code="b">theory, practice and future directions</subfield><subfield code="c">edited by Anne McDougall, with John Murnane, Anthony Jones and Nick Reynolds</subfield></datafield><datafield tag="260" ind1="3" ind2=" "><subfield code="a">London [u.a.]</subfield><subfield code="b">Taylor &amp; Francis Ltd</subfield><subfield code="c">c2010</subfield></datafield><datafield tag="300" ind1=" " ind2=" "><subfield code="a">XV, 214 S</subfield><subfield code="b">Ill., graph. Darst</subfield><subfield code="c">24 cm</subfield></datafield><datafield tag="500" ind1=" " ind2=" "><subfield code="a">Formerly CIP Uk. - Includes bibliographical references and index</subfield></datafield><datafield tag="500" ind1=" " ind2=" "><subfield code="a">IMD-Felder maschinell generiert (GBV)</subfield></datafield><datafield tag="650" ind1=" " ind2="7"><subfield code="a">Educational technology</subfield><subfield code="0">(DE-Frei129)00238245</subfield><subfield code="2">local</subfield></datafield><datafield tag="650" ind1=" " ind2="7"><subfield code="a">Informationstechnik</subfield><subfield code="0">(DE-Frei129)00011887</subfield><subfield code="0">(DE-588)4026926-7</subfield><subfield code="2">gnd</subfield></datafield><datafield tag="650" ind1=" " ind2="7"><subfield code="a">Unterrichtstechnologie</subfield><subfield code="0">(DE-Frei129)00027325</subfield><subfield code="0">(DE-588)4078641-9</subfield><subfield code="2">gnd</subfield></datafield><datafield tag="689" ind1="0" ind2="0"><subfield code="A">s</subfield><subfield code="a">Educational technology</subfield><subfield code="5">DE-101</subfield></datafield><datafield tag="689" ind1="1" ind2="0"><subfield code="0">(DE-588)4026926-7</subfield><subfield code="D">s</subfield><subfield code="a">Informationstechnik </subfield></datafield><datafield tag="689" ind1="1" ind2="1"><subfield code="0">(DE-588)4078641-9</subfield><subfield code="D">s</subfield><subfield code="a">Unterrichtstechnologie</subfield><subfield code="5">DE-101</subfield></datafield><datafield tag="700" ind1="1" ind2=" "><subfield code="0">(DE-588)13942749X</subfield><subfield code="0">(DE-Frei129)58596568</subfield><subfield code="a">McDougall, Anne</subfield><subfield code="4">oth</subfield></datafield><datafield tag="700" ind1="1" ind2=" "><subfield code="0">(DE-Frei129)00065218</subfield><subfield code="a">MacDougall, Anne</subfield><subfield code="4">Hrsg.</subfield></datafield><datafield tag="852" ind1=" " ind2=" "><subfield code="a">Frei129</subfield><subfield code="c">Paed M 690: 251</subfield></datafield><datafield tag="856" ind1="4" ind2=" "><subfield code="8">00</subfield><subfield code="u">http://bvbr.bib-bvb.de:8991/F?func=service&amp;doc_library=BVB01&amp;doc_number=018741631&amp;line_number=0001&amp;func_code=DB_RECORDS&amp;service_type=MEDIA</subfield><subfield code="y">Inhaltsverzeichnis</subfield></datafield><datafield tag="980" ind1="0" ind2=" "><subfield code="a">00213487</subfield><subfield code="9">(PHFR)</subfield><subfield code="b">EG-Anbau (32)</subfield><subfield code="c">Paed M 690: 251</subfield><subfield code="d">Standardleihe (01)</subfield><subfield code="e">Verfügbar (X)</subfield></datafield></record>