
<record><leader>04736nam a2200000uu 4500</leader><controlfield tag="001">02331269</controlfield><controlfield tag="003">DE-Frei129</controlfield><controlfield tag="005">20220811084043.0</controlfield><controlfield tag="007">tu</controlfield><controlfield tag="008">101005s2010    |||||||||||||||||||||||||</controlfield><datafield tag="020" ind1=" " ind2=" "><subfield code="a">9780415553063</subfield><subfield code="9">978-0-415-55306-3</subfield><subfield code="c">(hbk.) £80.00</subfield></datafield><datafield tag="020" ind1=" " ind2=" "><subfield code="a">0415553067</subfield><subfield code="9">0-415-55306-7</subfield><subfield code="c">(hbk.) £80.00</subfield></datafield><datafield tag="020" ind1=" " ind2=" "><subfield code="a">9780415553070</subfield><subfield code="9">978-0-415-55307-0</subfield><subfield code="c">(pbk.) £22.99</subfield></datafield><datafield tag="020" ind1=" " ind2=" "><subfield code="a">0415553075</subfield><subfield code="9">0-415-55307-5</subfield><subfield code="c">(pbk.) £22.99</subfield></datafield><datafield tag="020" ind1=" " ind2=" "><subfield code="a">9780203857991</subfield><subfield code="9">978-0-203-85799-1</subfield><subfield code="c">(ebk.)</subfield></datafield><datafield tag="020" ind1=" " ind2=" "><subfield code="a">0203857992</subfield><subfield code="9">0-203-85799-2</subfield><subfield code="c">(ebk.)</subfield></datafield><datafield tag="035" ind1=" " ind2=" "><subfield code="a">(DE-576)1605497835</subfield></datafield><datafield tag="245" ind1="1" ind2="0"><subfield code="a">Using analytical frameworks for classroom research</subfield><subfield code="b">collecting data and analysing narrative</subfield><subfield code="c">edited by Susan Rodrigues</subfield></datafield><datafield tag="260" ind1="3" ind2=" "><subfield code="a">London</subfield><subfield code="b">Taylor &amp; Francis Ltd</subfield><subfield code="c">c2010</subfield></datafield><datafield tag="300" ind1=" " ind2=" "><subfield code="a">VI, 201  Seiten</subfield><subfield code="b">ill.</subfield><subfield code="c">24 cm</subfield></datafield><datafield tag="500" ind1=" " ind2=" "><subfield code="a">Formerly CIP Uk. - Includes bibliographical references</subfield></datafield><datafield tag="650" ind1=" " ind2="7"><subfield code="a">Action research in education</subfield><subfield code="x">Case studies</subfield><subfield code="0">(DE-Frei129)01806668</subfield><subfield code="2">local</subfield></datafield><datafield tag="650" ind1=" " ind2="7"><subfield code="a">Classroom management</subfield><subfield code="x">Case studies</subfield><subfield code="0">(DE-Frei129)01880817</subfield><subfield code="2">local</subfield></datafield><datafield tag="650" ind1=" " ind2="7"><subfield code="a">Education</subfield><subfield code="x">Research</subfield><subfield code="x">Case studies</subfield><subfield code="0">(DE-Frei129)01870896</subfield><subfield code="2">local</subfield></datafield><datafield tag="689" ind1="0" ind2="0"><subfield code="A">s</subfield><subfield code="a">Action research in education / Case studies</subfield><subfield code="5">DE-101</subfield></datafield><datafield tag="689" ind1="1" ind2="0"><subfield code="A">s</subfield><subfield code="a">Classroom management / Case studies</subfield><subfield code="5">DE-101</subfield></datafield><datafield tag="689" ind1="2" ind2="0"><subfield code="A">s</subfield><subfield code="a">Education / Research / Case studies</subfield><subfield code="5">DE-101</subfield></datafield><datafield tag="700" ind1="1" ind2=" "><subfield code="0">(DE-Frei129)00808666</subfield><subfield code="a">Rodrigues, Susan</subfield><subfield code="4">Hrsg.</subfield></datafield><datafield tag="776" ind1="0" ind2="8"><subfield code="i">Erscheint auch als Online-Ausgabe</subfield><subfield code="t">Using Analytical Frameworks for Classroom Research</subfield><subfield code="w">(DE-Frei129)03227288</subfield><subfield code="w">(DE-576)430811764</subfield></datafield><datafield tag="852" ind1=" " ind2=" "><subfield code="a">Frei129</subfield><subfield code="c">Paed H 470: 76</subfield></datafield><datafield tag="856" ind1="4" ind2=" "><subfield code="8">00</subfield><subfield code="u">http://bvbr.bib-bvb.de:8991/F?func=service&amp;doc_library=BVB01&amp;doc_number=018763009&amp;line_number=0001&amp;func_code=DB_RECORDS&amp;service_type=MEDIA</subfield><subfield code="y">Inhaltsverzeichnis</subfield></datafield><datafield tag="980" ind1="0" ind2=" "><subfield code="a">00213480</subfield><subfield code="9">(PHFR)</subfield><subfield code="b">EG-Anbau (32)</subfield><subfield code="c">Paed H 470: 76</subfield><subfield code="d">Standardleihe (01)</subfield><subfield code="e">Verfügbar (X)</subfield></datafield></record>