
<record><leader>03661nam a2200000uu 4500</leader><controlfield tag="001">02331243</controlfield><controlfield tag="003">DE-Frei129</controlfield><controlfield tag="005">20220811084043.0</controlfield><controlfield tag="007">tu</controlfield><controlfield tag="008">100721s2010    ||||||||||||||||||||ger||</controlfield><datafield tag="015" ind1=" " ind2=" "><subfield code="a">10,N29</subfield></datafield><datafield tag="016" ind1="7" ind2=" "><subfield code="a">1004365195</subfield><subfield code="2">DE-101</subfield></datafield><datafield tag="020" ind1=" " ind2=" "><subfield code="a">9783141630565</subfield><subfield code="9">9783141630565</subfield><subfield code="c">kart. : EUR 22.50, sfr 38.90 (freier Pr.)</subfield></datafield><datafield tag="024" ind1="3" ind2=" "><subfield code="a">9783141630565</subfield></datafield><datafield tag="035" ind1=" " ind2=" "><subfield code="a">(DE-576)631555404</subfield></datafield><datafield tag="041" ind1=" " ind2=" "><subfield code="a">ger</subfield></datafield><datafield tag="044" ind1=" " ind2=" "><subfield code="c">XA-DE-NI</subfield></datafield><datafield tag="100" ind1="1" ind2=" "><subfield code="a">Hanneforth, Alexandra</subfield><subfield code="0">(DE-Frei129)00416510</subfield><subfield code="0">(DE-588)133573192</subfield></datafield><datafield tag="245" ind1="1" ind2="0"><subfield code="a">Literaturwerkstatt: Kirsten Boie</subfield><subfield code="b">differenzierte Unterrichtsmaterialien für die Klassen 2 bis 4</subfield><subfield code="c">Alexandra Hanneforth</subfield></datafield><datafield tag="260" ind1="3" ind2=" "><subfield code="a">Braunschweig</subfield><subfield code="b">Westermann</subfield><subfield code="c">2010</subfield></datafield><datafield tag="300" ind1=" " ind2=" "><subfield code="a">155 Seiten</subfield><subfield code="b">zahlr. Ill.</subfield><subfield code="c">30 cm</subfield></datafield><datafield tag="490" ind1="0" ind2=" "><subfield code="a">Praxis-Impulse</subfield></datafield><datafield tag="500" ind1=" " ind2=" "><subfield code="a">IMD-Felder maschinell generiert (GBV)</subfield></datafield><datafield tag="500" ind1=" " ind2=" "><subfield code="a">Archivierung prüfen</subfield></datafield><datafield tag="500" ind1=" " ind2=" "><subfield code="a">DE-640 (3)</subfield></datafield><datafield tag="520" ind1=" " ind2=" "><subfield code="a">Konkrete Anregungen für offene LernformenKommentierte Kopiervorlagen, Praxistipps und Informationen zu Differenzierung und individueller Unterrichtsgestaltung: Die Bände wurden für die Arbeit in Projekten und offenen Lernformen aus Erfahrungen von Lehrerinnen und Lehrern entwickelt. Die Bausteine können einzeln oder in individueller Zusammenstellung eingesetzt werden. Zahlreiche Kopiervorlagen, kommentierte Literaturverzeichnisse und Hinweise zu weiteren Materialien unterstützen Ihre Unterrichtsvorbereitung und die konkrete Umsetzung im Unterricht</subfield></datafield><datafield tag="852" ind1=" " ind2=" "><subfield code="a">Frei 129</subfield><subfield code="b">PHFR</subfield><subfield code="c">GB 2976 B678 H2</subfield></datafield><datafield tag="856" ind1="4" ind2=" "><subfield code="8">00</subfield><subfield code="u">http://deposit.d-nb.de/cgi-bin/dokserv?id=3512540&amp;prov=M&amp;dok_var=1&amp;dok_ext=htm</subfield><subfield code="y">Inhaltstext</subfield></datafield><datafield tag="980" ind1="0" ind2=" "><subfield code="a">00211527</subfield><subfield code="9">(PHFR)</subfield><subfield code="b">2.OG (35)</subfield><subfield code="c">GB 2976 B678 H2</subfield><subfield code="d">Standardleihe (01)</subfield><subfield code="e">Verfügbar (X)</subfield></datafield></record>