
<record><leader>04073nam a2200000uu 4500</leader><controlfield tag="001">02331233</controlfield><controlfield tag="003">DE-Frei129</controlfield><controlfield tag="005">20220811084043.0</controlfield><controlfield tag="007">tu</controlfield><controlfield tag="008">101004s2010    ||||||||||||||||||||ger||</controlfield><datafield tag="020" ind1=" " ind2=" "><subfield code="a">9783942150774</subfield><subfield code="9">978-3-942150-77-4</subfield></datafield><datafield tag="024" ind1="3" ind2=" "><subfield code="a">9783942150774</subfield></datafield><datafield tag="035" ind1=" " ind2=" "><subfield code="a">(DE-576)1605470813</subfield></datafield><datafield tag="041" ind1=" " ind2=" "><subfield code="a">ger</subfield></datafield><datafield tag="100" ind1="1" ind2=" "><subfield code="a">Reif, Franz-Gerhard</subfield><subfield code="0">(DE-Frei129)00808662</subfield></datafield><datafield tag="245" ind1="1" ind2="0"><subfield code="a">Bildung? Brauchen wir nicht, wir haben Abitur!</subfield><subfield code="b">wie die deutsche Bildung verramscht wird und unsere Zukunft gleich mit]</subfield><subfield code="c">Franz-Gerhard Reif</subfield></datafield><datafield tag="260" ind1="3" ind2=" "><subfield code="a">Grimma</subfield><subfield code="b">winterwork</subfield><subfield code="c">2010</subfield></datafield><datafield tag="300" ind1=" " ind2=" "><subfield code="a">164  Seiten</subfield></datafield><datafield tag="500" ind1=" " ind2=" "><subfield code="a">5090: ddsu/sred</subfield></datafield><datafield tag="650" ind1=" " ind2="7"><subfield code="a">Schulkritik</subfield><subfield code="0">(DE-Frei129)00066908</subfield><subfield code="0">(DE-588)4180170-2</subfield><subfield code="2">gnd</subfield></datafield><datafield tag="650" ind1=" " ind2="7"><subfield code="a">Bildungspolitik</subfield><subfield code="0">(DE-Frei129)00003912</subfield><subfield code="0">(DE-588)4006667-8</subfield><subfield code="2">gnd</subfield></datafield><datafield tag="650" ind1=" " ind2="7"><subfield code="a">Geschichte</subfield><subfield code="0">(DE-Frei129)00009489</subfield><subfield code="0">(DE-588)4020517-4</subfield><subfield code="2">gnd</subfield></datafield><datafield tag="651" ind1=" " ind2="7"><subfield code="a">Deutschland</subfield><subfield code="0">(DE-Frei129)00005806</subfield><subfield code="0">(DE-588)4011882-4</subfield><subfield code="2">gnd</subfield></datafield><datafield tag="655" ind1=" " ind2="7"><subfield code="a">Erlebnisbericht</subfield><subfield code="0">(DE-Frei129)00000054</subfield><subfield code="2">local</subfield></datafield><datafield tag="689" ind1="0" ind2="0"><subfield code="0">(DE-588)4011882-4</subfield><subfield code="D">g</subfield><subfield code="a">Deutschland </subfield></datafield><datafield tag="689" ind1="0" ind2="1"><subfield code="0">(DE-588)4180170-2</subfield><subfield code="D">s</subfield><subfield code="a">Schulkritik </subfield></datafield><datafield tag="689" ind1="0" ind2="2"><subfield code="0">(DE-588)4006667-8</subfield><subfield code="D">s</subfield><subfield code="a">Bildungspolitik </subfield></datafield><datafield tag="689" ind1="0" ind2="3"><subfield code="0">(DE-588)4020517-4</subfield><subfield code="D">s</subfield><subfield code="a">Geschichte </subfield></datafield><datafield tag="689" ind1="0" ind2="4"><subfield code="A">s</subfield><subfield code="a">Erlebnisbericht</subfield><subfield code="5">DE-101</subfield></datafield><datafield tag="852" ind1=" " ind2=" "><subfield code="a">Frei129</subfield><subfield code="c">Paed F 500: 230</subfield></datafield><datafield tag="856" ind1="4" ind2=" "><subfield code="8">00</subfield><subfield code="u">http://d-nb.info/100726943X/04</subfield><subfield code="y">Inhaltsverzeichnis</subfield></datafield><datafield tag="980" ind1="0" ind2=" "><subfield code="a">00217851</subfield><subfield code="9">(PHFR)</subfield><subfield code="b">EG-Anbau (32)</subfield><subfield code="c">Paed F 500: 230</subfield><subfield code="d">Standardleihe (01)</subfield><subfield code="e">Verfügbar (X)</subfield></datafield></record>