
<record><leader>06440nam a2200000uu 4500</leader><controlfield tag="001">02331090</controlfield><controlfield tag="003">DE-Frei129</controlfield><controlfield tag="005">20220811084043.0</controlfield><controlfield tag="007">tu</controlfield><controlfield tag="008">100630s2010    ||||||||||||||||||||ger||</controlfield><datafield tag="015" ind1=" " ind2=" "><subfield code="a">10,N26</subfield></datafield><datafield tag="016" ind1="7" ind2=" "><subfield code="a">1003829457</subfield><subfield code="2">DE-101</subfield></datafield><datafield tag="020" ind1=" " ind2=" "><subfield code="a">9783609690322</subfield><subfield code="9">9783609690322</subfield><subfield code="c">SPIRALB. : EUR 39.95</subfield></datafield><datafield tag="024" ind1="3" ind2=" "><subfield code="a">9783609690322</subfield></datafield><datafield tag="035" ind1=" " ind2=" "><subfield code="a">(DE-576)630379890</subfield></datafield><datafield tag="041" ind1=" " ind2=" "><subfield code="a">ger</subfield></datafield><datafield tag="044" ind1=" " ind2=" "><subfield code="c">XA-DE</subfield><subfield code="c">XA-DE-BW</subfield></datafield><datafield tag="100" ind1="1" ind2=" "><subfield code="a">Roth, Lutz</subfield><subfield code="0">(DE-Frei129)00046421</subfield><subfield code="0">(DE-588)1032384875</subfield></datafield><datafield tag="245" ind1="1" ind2="0"><subfield code="a">GHS - Hilfe beim Einstufen und Kennzeichnen</subfield><subfield code="b">schneller Zugriff auf Tabellen und Listen der Verordnung (EG) Nr. 1272/2008</subfield><subfield code="c">L. Roth; G. Rupp</subfield></datafield><datafield tag="260" ind1="3" ind2=" "><subfield code="a">Heidelberg ; München ; Landsberg ; Frechen ; Hamburg</subfield><subfield code="b">Ecomed Sicherheit</subfield><subfield code="c">[2010]</subfield></datafield><datafield tag="300" ind1=" " ind2=" "><subfield code="a">70 Seiten</subfield><subfield code="b">graph. Darst.</subfield><subfield code="c">30 cm</subfield></datafield><datafield tag="500" ind1=" " ind2=" "><subfield code="a">IMD-Felder maschinell generiert (GBV)</subfield></datafield><datafield tag="500" ind1=" " ind2=" "><subfield code="a">Archivierung/Langzeitarchivierung gewährleistet</subfield></datafield><datafield tag="630" ind1="0" ind2="7"><subfield code="a">Verordnung über die Einstufung, Kennzeichnung und Verpackung von Stoffen und Gemischen, zur Änderung und Aufhebung der Richtlinien 67/548/EWG und 1999/45/EG und zur Änderung der Verordnung (EG) Nr. 1907/2006</subfield><subfield code="0">(DE-Frei129)02364437</subfield><subfield code="0">(DE-588)600192288</subfield><subfield code="2">gnd</subfield></datafield><datafield tag="650" ind1=" " ind2="7"><subfield code="a">Verordnung über die Einstufung, Kennzeichnung und Verpackung von Stoffen und Gemischen, zur Änderung und Aufhebung der Richtlinien 67/548/EWG und 1999/45/EG und zur Änderung der Verordnung (EG) Nr. 1907/2006</subfield><subfield code="0">(DE-Frei129)14513414</subfield><subfield code="2">local</subfield></datafield><datafield tag="650" ind1=" " ind2="7"><subfield code="a">Chemikalie</subfield><subfield code="0">(DE-Frei129)00004926</subfield><subfield code="0">(DE-588)4009833-3</subfield><subfield code="2">gnd</subfield></datafield><datafield tag="650" ind1=" " ind2="7"><subfield code="a">Gefahrstoff</subfield><subfield code="0">(DE-Frei129)00009082</subfield><subfield code="0">(DE-588)4122160-6</subfield><subfield code="2">gnd</subfield></datafield><datafield tag="650" ind1=" " ind2="7"><subfield code="a">Gefahrenkennzeichnung</subfield><subfield code="0">(DE-Frei129)00144087</subfield><subfield code="0">(DE-588)4019666-5</subfield><subfield code="2">gnd</subfield></datafield><datafield tag="650" ind1=" " ind2="7"><subfield code="a">Klassifikation</subfield><subfield code="0">(DE-Frei129)00013431</subfield><subfield code="0">(DE-588)4030958-7</subfield><subfield code="2">gnd</subfield></datafield><datafield tag="689" ind1="0" ind2="0"><subfield code="0">(DE-588)600192288</subfield><subfield code="D">u</subfield><subfield code="a">Europäische Union. Verordnung über die Einstufung, Kennzeichnung und Verpackung von Stoffen und Gemischen, zur Änderung und Aufhebung der Richtlinien 67/548/EWG und 1999/45/EG und zur Änderung der Verordnung (EG) Nr. 1907/2006 (2008) </subfield></datafield><datafield tag="689" ind1="0" ind2="1"><subfield code="A">s</subfield><subfield code="a">Verordnung über die Einstufung, Kennzeichnung und Verpackung von Stoffen und Gemischen, zur Änderung und Aufhebung der Richtlinien 67/548/EWG und 1999/45/EG und zur Änderung der Verordnung (EG) Nr. 1907/2006 </subfield></datafield><datafield tag="689" ind1="0" ind2="2"><subfield code="0">(DE-588)4009833-3</subfield><subfield code="D">s</subfield><subfield code="a">Chemikalie </subfield></datafield><datafield tag="689" ind1="0" ind2="3"><subfield code="0">(DE-588)4122160-6</subfield><subfield code="D">s</subfield><subfield code="a">Gefahrstoff </subfield></datafield><datafield tag="689" ind1="0" ind2="4"><subfield code="0">(DE-588)4019666-5</subfield><subfield code="D">s</subfield><subfield code="a">Gefahrenkennzeichnung </subfield></datafield><datafield tag="689" ind1="0" ind2="5"><subfield code="0">(DE-588)4030958-7</subfield><subfield code="D">s</subfield><subfield code="a">Klassifikation</subfield><subfield code="5">DE-101</subfield></datafield><datafield tag="700" ind1="1" ind2=" "><subfield code="0">(DE-588)1049308921</subfield><subfield code="0">(DE-Frei129)38000461</subfield><subfield code="a">Rupp, Gabriele</subfield><subfield code="4">aut</subfield></datafield><datafield tag="852" ind1=" " ind2=" "><subfield code="a">Frei129</subfield><subfield code="c">Che A 250: 50</subfield></datafield><datafield tag="856" ind1="4" ind2=" "><subfield code="8">00</subfield><subfield code="u">http://d-nb.info/1027333753/04</subfield><subfield code="y">Inhaltsverzeichnis</subfield></datafield><datafield tag="856" ind1="4" ind2=" "><subfield code="8">01</subfield><subfield code="u">http://d-nb.info/1003829457/04</subfield><subfield code="y">Verlagsinformation</subfield></datafield><datafield tag="980" ind1="0" ind2=" "><subfield code="a">00334170</subfield><subfield code="9">(PHFR)</subfield><subfield code="b">Handbibliothek (50)</subfield><subfield code="c">Che A 250: 50</subfield><subfield code="d">Handbibliothek - nie verleihbar (54)</subfield><subfield code="e">Verfügbar (X)</subfield></datafield></record>