
<record><leader>04283nam a2200000uu 4500</leader><controlfield tag="001">02331039</controlfield><controlfield tag="003">DE-Frei129</controlfield><controlfield tag="005">20220811084043.0</controlfield><controlfield tag="007">tu</controlfield><controlfield tag="008">100519s2010    ||||||||||||||||||||ger||</controlfield><datafield tag="015" ind1=" " ind2=" "><subfield code="a">10,A38</subfield></datafield><datafield tag="016" ind1="7" ind2=" "><subfield code="a">1002352444</subfield><subfield code="2">DE-101</subfield></datafield><datafield tag="020" ind1=" " ind2=" "><subfield code="a">9783621277648</subfield><subfield code="9">9783621277648</subfield><subfield code="c">Pp. : EUR 22.95 (DE), EUR 23.60 (AT), sfr 39.50 (freier Pr.)</subfield></datafield><datafield tag="024" ind1="3" ind2=" "><subfield code="a">9783621277648</subfield></datafield><datafield tag="035" ind1=" " ind2=" "><subfield code="a">(DE-576)626468116</subfield></datafield><datafield tag="041" ind1=" " ind2=" "><subfield code="a">ger</subfield></datafield><datafield tag="044" ind1=" " ind2=" "><subfield code="c">XA-DE-BW</subfield><subfield code="c">XA-CH</subfield></datafield><datafield tag="100" ind1="1" ind2=" "><subfield code="a">Oelkers, Carmen</subfield><subfield code="0">(DE-Frei129)00811087</subfield><subfield code="0">(DE-588)109254635</subfield></datafield><datafield tag="245" ind1="1" ind2="0"><subfield code="a">Ganz zwanglos?</subfield><subfield code="b">Wie sich Betroffene und Angehörige aus dem Zwang befreien können</subfield><subfield code="c">Carmen Oelkers; Christine Schink</subfield></datafield><datafield tag="250" ind1=" " ind2=" "><subfield code="a">1. Aufl.</subfield></datafield><datafield tag="260" ind1="3" ind2=" "><subfield code="a">Weinheim ; Basel</subfield><subfield code="b">Juventa-Verl.</subfield><subfield code="c">2010</subfield></datafield><datafield tag="300" ind1=" " ind2=" "><subfield code="a">XII, 172 Seiten</subfield><subfield code="b">Ill., graph. Darst.</subfield><subfield code="c">22 cm</subfield></datafield><datafield tag="500" ind1=" " ind2=" "><subfield code="a">IMD-Felder maschinell generiert (GBV)</subfield></datafield><datafield tag="500" ind1=" " ind2=" "><subfield code="a">Archivierung/Langzeitarchivierung gewährleistet</subfield></datafield><datafield tag="650" ind1=" " ind2="7"><subfield code="a">Zwangsstörung</subfield><subfield code="0">(DE-Frei129)00071139</subfield><subfield code="0">(DE-588)4234004-4</subfield><subfield code="2">gnd</subfield></datafield><datafield tag="650" ind1=" " ind2="7"><subfield code="a">Kognitive Verhaltenstherapie</subfield><subfield code="0">(DE-Frei129)00036529</subfield><subfield code="0">(DE-588)4114250-0</subfield><subfield code="2">gnd</subfield></datafield><datafield tag="689" ind1="0" ind2="0"><subfield code="0">(DE-588)4234004-4</subfield><subfield code="D">s</subfield><subfield code="a">Zwangsstörung </subfield></datafield><datafield tag="689" ind1="0" ind2="1"><subfield code="0">(DE-588)4114250-0</subfield><subfield code="D">s</subfield><subfield code="a">Kognitive Verhaltenstherapie</subfield><subfield code="5">DE-101</subfield></datafield><datafield tag="700" ind1="1" ind2=" "><subfield code="0">(DE-588)142213616</subfield><subfield code="0">(DE-Frei129)00812318</subfield><subfield code="a">Schink, Christine</subfield><subfield code="4">aut</subfield></datafield><datafield tag="852" ind1=" " ind2=" "><subfield code="a">Frei129</subfield><subfield code="c">Psy K 110: 45</subfield></datafield><datafield tag="856" ind1="4" ind2=" "><subfield code="8">00</subfield><subfield code="u">http://d-nb.info/1002352444/04</subfield><subfield code="y">Kurzbeschreibung des Verlags</subfield></datafield><datafield tag="856" ind1="4" ind2=" "><subfield code="8">01</subfield><subfield code="u">http://deposit.d-nb.de/cgi-bin/dokserv?id=3472384&amp;prov=M&amp;dok_var=1&amp;dok_ext=htm</subfield><subfield code="y">Verlagsinformation</subfield></datafield><datafield tag="980" ind1="0" ind2=" "><subfield code="a">00424934</subfield><subfield code="9">(PHFR)</subfield><subfield code="b">EG-Anbau (32)</subfield><subfield code="c">Psy K 110: 45 a</subfield><subfield code="d">Standardleihe (01)</subfield><subfield code="e">Verfügbar (X)</subfield></datafield></record>