
<record><leader>04979nam a2200000uu 4500</leader><controlfield tag="001">02330988</controlfield><controlfield tag="003">DE-Frei129</controlfield><controlfield tag="005">20220811084043.0</controlfield><controlfield tag="007">tu</controlfield><controlfield tag="008">100917s2010    ||||||||||||||||||||ger||</controlfield><datafield tag="020" ind1=" " ind2=" "><subfield code="a">9783518276167</subfield><subfield code="9">9783518276167</subfield></datafield><datafield tag="035" ind1=" " ind2=" "><subfield code="a">(DE-576)63530578X</subfield></datafield><datafield tag="041" ind1=" " ind2=" "><subfield code="a">ger</subfield><subfield code="h">eng</subfield></datafield><datafield tag="044" ind1=" " ind2=" "><subfield code="c">XA-DE</subfield></datafield><datafield tag="245" ind1="1" ind2="0"><subfield code="a">Identität und Lebenszyklus</subfield><subfield code="b">drei Aufsätze</subfield><subfield code="c">Erik H. Erikson. Übers. von Käte Hügel</subfield></datafield><datafield tag="246" ind1="1" ind2="3"><subfield code="a">Identity and the life cycle</subfield></datafield><datafield tag="250" ind1=" " ind2=" "><subfield code="a">1. Aufl., [Nachdr.]</subfield></datafield><datafield tag="260" ind1="3" ind2=" "><subfield code="a">Frankfurt am Main</subfield><subfield code="b">Suhrkamp</subfield><subfield code="c">[20]10</subfield></datafield><datafield tag="300" ind1=" " ind2=" "><subfield code="a">223 Seiten</subfield><subfield code="b">graph. Darst.</subfield></datafield><datafield tag="490" ind1="0" ind2=" "><subfield code="a">Suhrkamp-Taschenbuch Wissenschaft </subfield><subfield code="v">16</subfield></datafield><datafield tag="500" ind1=" " ind2=" "><subfield code="a">Literaturverz. S. 216 - [224]</subfield></datafield><datafield tag="500" ind1=" " ind2=" "><subfield code="a">IMD-Felder maschinell generiert (GBV)</subfield></datafield><datafield tag="650" ind1=" " ind2="7"><subfield code="a">Identität</subfield><subfield code="0">(DE-Frei129)00011583</subfield><subfield code="0">(DE-588)4026482-8</subfield><subfield code="2">gnd</subfield></datafield><datafield tag="650" ind1=" " ind2="7"><subfield code="a">Lebenslauf</subfield><subfield code="0">(DE-Frei129)00003991</subfield><subfield code="0">(DE-588)4034869-6</subfield><subfield code="2">gnd</subfield></datafield><datafield tag="650" ind1=" " ind2="7"><subfield code="a">Ego (Psychology)</subfield><subfield code="0">(DE-Frei129)14316873</subfield><subfield code="2">local</subfield></datafield><datafield tag="650" ind1=" " ind2="7"><subfield code="a">Life cycle, Human</subfield><subfield code="0">(DE-Frei129)00390941</subfield><subfield code="2">local</subfield></datafield><datafield tag="650" ind1=" " ind2="7"><subfield code="a">Identity (Psychology)</subfield><subfield code="0">(DE-Frei129)14265470</subfield><subfield code="2">local</subfield></datafield><datafield tag="650" ind1=" " ind2="7"><subfield code="a">Entwicklungspsychologie</subfield><subfield code="0">(DE-Frei129)00728036</subfield><subfield code="2">local</subfield></datafield><datafield tag="689" ind1="0" ind2="0"><subfield code="0">(DE-588)4026482-8</subfield><subfield code="D">s</subfield><subfield code="a">Identität </subfield></datafield><datafield tag="689" ind1="0" ind2="1"><subfield code="0">(DE-588)4034869-6</subfield><subfield code="D">s</subfield><subfield code="a">Lebenslauf</subfield><subfield code="5">DE-101</subfield></datafield><datafield tag="689" ind1="1" ind2="0"><subfield code="A">s</subfield><subfield code="a">Ego (Psychology)</subfield><subfield code="5">DE-101</subfield></datafield><datafield tag="689" ind1="2" ind2="0"><subfield code="A">s</subfield><subfield code="a">Life cycle, Human</subfield><subfield code="5">DE-101</subfield></datafield><datafield tag="689" ind1="3" ind2="0"><subfield code="A">s</subfield><subfield code="a">Identity (Psychology)</subfield><subfield code="5">DE-101</subfield></datafield><datafield tag="689" ind1="4" ind2="0"><subfield code="A">s</subfield><subfield code="a">Entwicklungspsychologie</subfield><subfield code="5">DE-101</subfield></datafield><datafield tag="700" ind1="1" ind2=" "><subfield code="0">(DE-588)11853078X</subfield><subfield code="0">(DE-Frei129)00014126</subfield><subfield code="a">Erikson, Erik H.</subfield><subfield code="4">aut</subfield></datafield><datafield tag="700" ind1="1" ind2=" "><subfield code="0">(DE-Frei129)01513037</subfield><subfield code="a">Hügel, Käte</subfield><subfield code="4">oth</subfield></datafield><datafield tag="852" ind1=" " ind2=" "><subfield code="a">Frei 129</subfield><subfield code="b">PHFR</subfield><subfield code="c">Psy C 240: 5</subfield></datafield><datafield tag="980" ind1="0" ind2=" "><subfield code="a">00211546</subfield><subfield code="9">(PHFR)</subfield><subfield code="b">EG-Anbau (32)</subfield><subfield code="c">Psy C 240: 5 c</subfield><subfield code="d">Standardleihe (01)</subfield><subfield code="e">Verfügbar (X)</subfield></datafield></record>