
<record><leader>04592nam a2200000uu 4500</leader><controlfield tag="001">02330984</controlfield><controlfield tag="003">DE-Frei129</controlfield><controlfield tag="005">20220811084043.0</controlfield><controlfield tag="007">tu</controlfield><controlfield tag="008">100922s2010    ||||||||||||||||||||ger||</controlfield><datafield tag="015" ind1=" " ind2=" "><subfield code="a">10,A27</subfield></datafield><datafield tag="016" ind1="7" ind2=" "><subfield code="a">1002789508</subfield><subfield code="2">DE-101</subfield></datafield><datafield tag="020" ind1=" " ind2=" "><subfield code="a">9783534235803</subfield><subfield code="9">9783534235803</subfield><subfield code="c">(nur für Mitglieder)</subfield></datafield><datafield tag="024" ind1="3" ind2=" "><subfield code="a">9783534235803</subfield></datafield><datafield tag="035" ind1=" " ind2=" "><subfield code="a">(DE-576)1605293857</subfield></datafield><datafield tag="041" ind1=" " ind2=" "><subfield code="a">ger</subfield></datafield><datafield tag="044" ind1=" " ind2=" "><subfield code="c">XA-DE-HE</subfield></datafield><datafield tag="100" ind1="1" ind2=" "><subfield code="a">Muth, Robert</subfield><subfield code="0">(DE-Frei129)00573647</subfield><subfield code="0">(DE-588)119332930</subfield></datafield><datafield tag="245" ind1="1" ind2="0"><subfield code="a">Einführung in die griechische und römische Religion</subfield><subfield code="c">Robert Muth</subfield></datafield><datafield tag="250" ind1=" " ind2=" "><subfield code="a">2., durchges. und  erw. Aufl., Sonderausg.</subfield></datafield><datafield tag="260" ind1="3" ind2=" "><subfield code="a">Darmstadt</subfield><subfield code="b">Wiss. Buchges.</subfield><subfield code="c">2010</subfield></datafield><datafield tag="300" ind1=" " ind2=" "><subfield code="a">VI, 423 Seiten</subfield><subfield code="c">22 cm, 581 gr.</subfield></datafield><datafield tag="490" ind1="0" ind2=" "><subfield code="a">WBG-Bibliothek</subfield></datafield><datafield tag="500" ind1=" " ind2=" "><subfield code="a">Literaturangaben. - Hergestellt on demand</subfield></datafield><datafield tag="500" ind1=" " ind2=" "><subfield code="a">Archivierung prüfen</subfield></datafield><datafield tag="650" ind1=" " ind2="7"><subfield code="a">Religion</subfield><subfield code="0">(DE-Frei129)00005040</subfield><subfield code="0">(DE-588)4049396-9</subfield><subfield code="2">gnd</subfield></datafield><datafield tag="651" ind1=" " ind2="7"><subfield code="a">Griechenland</subfield><subfield code="g">Altertum</subfield><subfield code="0">(DE-Frei129)00010179</subfield><subfield code="0">(DE-588)4093976-5</subfield><subfield code="2">gnd</subfield></datafield><datafield tag="651" ind1=" " ind2="7"><subfield code="a">Römisches Reich</subfield><subfield code="0">(DE-Frei129)00031870</subfield><subfield code="0">(DE-588)4076778-4</subfield><subfield code="2">gnd</subfield></datafield><datafield tag="689" ind1="0" ind2="0"><subfield code="0">(DE-588)4093976-5</subfield><subfield code="D">g</subfield><subfield code="a">Griechenland &lt;Altertum&gt; </subfield></datafield><datafield tag="689" ind1="0" ind2="1"><subfield code="0">(DE-588)4049396-9</subfield><subfield code="D">s</subfield><subfield code="a">Religion</subfield><subfield code="5">DE-101</subfield></datafield><datafield tag="689" ind1="1" ind2="0"><subfield code="0">(DE-588)4076778-4</subfield><subfield code="D">g</subfield><subfield code="a">Römisches Reich </subfield></datafield><datafield tag="689" ind1="1" ind2="1"><subfield code="0">(DE-588)4049396-9</subfield><subfield code="D">s</subfield><subfield code="a">Religion</subfield><subfield code="5">DE-101</subfield></datafield><datafield tag="852" ind1=" " ind2=" "><subfield code="a">Frei 129</subfield><subfield code="b">PHFR</subfield><subfield code="c">BE 7250 M992 (2)</subfield></datafield><datafield tag="856" ind1="4" ind2=" "><subfield code="8">00</subfield><subfield code="u">http://deposit.d-nb.de/cgi-bin/dokserv?id=3482020&amp;prov=M&amp;dok_var=1&amp;dok_ext=htm</subfield><subfield code="y">Inhaltstext</subfield></datafield><datafield tag="856" ind1="4" ind2=" "><subfield code="8">01</subfield><subfield code="u">http://d-nb.info/1002789508/04</subfield><subfield code="y">Verlagsinformation</subfield></datafield><datafield tag="980" ind1="0" ind2=" "><subfield code="a">00211686</subfield><subfield code="9">(PHFR)</subfield><subfield code="b">UG (33)</subfield><subfield code="c">BE 7250 M992 (2)</subfield><subfield code="d">Standardleihe (01)</subfield><subfield code="e">Verfügbar (X)</subfield></datafield></record>