
<record><leader>03035nam a2200000uu 4500</leader><controlfield tag="001">02330970</controlfield><controlfield tag="003">DE-Frei129</controlfield><controlfield tag="005">20220811084043.0</controlfield><controlfield tag="007">tu</controlfield><controlfield tag="008">100324s2010    ||||||||||||||||||||ger||</controlfield><datafield tag="015" ind1=" " ind2=" "><subfield code="a">10,A27</subfield></datafield><datafield tag="016" ind1="7" ind2=" "><subfield code="a">1000975584</subfield><subfield code="2">DE-101</subfield></datafield><datafield tag="020" ind1=" " ind2=" "><subfield code="a">9783937257228</subfield><subfield code="9">9783937257228</subfield><subfield code="c">kart. : EUR 12.80</subfield></datafield><datafield tag="024" ind1="3" ind2=" "><subfield code="a">9783937257228</subfield></datafield><datafield tag="035" ind1=" " ind2=" "><subfield code="a">(DE-576)622501186</subfield></datafield><datafield tag="041" ind1=" " ind2=" "><subfield code="a">ger</subfield></datafield><datafield tag="044" ind1=" " ind2=" "><subfield code="c">XA-DE-HH</subfield></datafield><datafield tag="100" ind1="1" ind2=" "><subfield code="a">Bendel, Oliver</subfield><subfield code="0">(DE-Frei129)00116533</subfield><subfield code="0">(DE-588)129865389</subfield></datafield><datafield tag="245" ind1="1" ind2="0"><subfield code="a">Handyhaiku</subfield><subfield code="b">100 Haikus über das Handy und für das Handy</subfield><subfield code="c">Oliver Bendel</subfield></datafield><datafield tag="260" ind1="3" ind2=" "><subfield code="a">Hamburg</subfield><subfield code="b">Hamburger Haiku-Verl.</subfield><subfield code="c">[2010]</subfield></datafield><datafield tag="300" ind1=" " ind2=" "><subfield code="a">109 Seiten</subfield><subfield code="b">zahlr. Ill.</subfield><subfield code="c">19 cm</subfield></datafield><datafield tag="500" ind1=" " ind2=" "><subfield code="a">Hergestellt on demand</subfield></datafield><datafield tag="500" ind1=" " ind2=" "><subfield code="a">IMD-Felder maschinell generiert (GBV)</subfield></datafield><datafield tag="500" ind1=" " ind2=" "><subfield code="a">Archivierung prüfen</subfield></datafield><datafield tag="650" ind1=" " ind2="7"><subfield code="a">Haiku</subfield><subfield code="0">(DE-Frei129)00010436</subfield><subfield code="0">(DE-588)4022963-4</subfield><subfield code="2">gnd</subfield></datafield><datafield tag="689" ind1="0" ind2="0"><subfield code="0">(DE-588)4022963-4</subfield><subfield code="D">s</subfield><subfield code="a">Haiku</subfield><subfield code="5">DE-101</subfield></datafield><datafield tag="852" ind1=" " ind2=" "><subfield code="a">Frei 129</subfield><subfield code="b">PHFR</subfield><subfield code="c">GE 6778 B458</subfield></datafield><datafield tag="980" ind1="0" ind2=" "><subfield code="a">00213375</subfield><subfield code="9">(PHFR)</subfield><subfield code="b">2.OG (35)</subfield><subfield code="c">GE 6778 B458</subfield><subfield code="d">Standardleihe (01)</subfield><subfield code="e">Verfügbar (X)</subfield></datafield></record>