
<record><leader>04574nam a2200000uu 4500</leader><controlfield tag="001">02330950</controlfield><controlfield tag="003">DE-Frei129</controlfield><controlfield tag="005">20220811084043.0</controlfield><controlfield tag="007">tu</controlfield><controlfield tag="008">100519s2010    ||||||||||||||||||||ger||</controlfield><datafield tag="015" ind1=" " ind2=" "><subfield code="a">10,N20</subfield></datafield><datafield tag="016" ind1="7" ind2=" "><subfield code="a">1002409268</subfield><subfield code="2">DE-101</subfield></datafield><datafield tag="020" ind1=" " ind2=" "><subfield code="a">9783772523946</subfield><subfield code="9">9783772523946</subfield><subfield code="c">GB. : ca. EUR 19.90, ca. sfr 33.50 (freier Pr.)</subfield></datafield><datafield tag="024" ind1="3" ind2=" "><subfield code="a">9783772523946</subfield></datafield><datafield tag="035" ind1=" " ind2=" "><subfield code="a">(DE-576)626484413</subfield></datafield><datafield tag="041" ind1=" " ind2=" "><subfield code="a">ger</subfield></datafield><datafield tag="044" ind1=" " ind2=" "><subfield code="c">XA-DE-BW</subfield></datafield><datafield tag="100" ind1="1" ind2=" "><subfield code="a">Kutsch, Irmgard</subfield><subfield code="0">(DE-Frei129)00245102</subfield><subfield code="0">(DE-588)128981482</subfield></datafield><datafield tag="245" ind1="1" ind2="0"><subfield code="a">Mit Kindern im Bienengarten</subfield><subfield code="c">Irmgard Kutsch; Gudrun Obermann</subfield></datafield><datafield tag="250" ind1=" " ind2=" "><subfield code="a">1. Aufl.</subfield></datafield><datafield tag="260" ind1="3" ind2=" "><subfield code="a">Stuttgart</subfield><subfield code="b">Verlag Freies Geistesleben</subfield><subfield code="c">2010</subfield></datafield><datafield tag="300" ind1=" " ind2=" "><subfield code="a">177 Seiten</subfield><subfield code="b">Ill</subfield><subfield code="c">24 cm</subfield></datafield><datafield tag="500" ind1=" " ind2=" "><subfield code="a">IMD-Felder maschinell generiert (GBV)</subfield></datafield><datafield tag="500" ind1=" " ind2=" "><subfield code="a">Archivierung/Langzeitarchivierung gewährleistet</subfield></datafield><datafield tag="650" ind1=" " ind2="7"><subfield code="a">Biene</subfield><subfield code="0">(DE-Frei129)00011408</subfield><subfield code="0">(DE-588)4025825-7</subfield><subfield code="2">gnd</subfield></datafield><datafield tag="650" ind1=" " ind2="7"><subfield code="a">Biologischer Garten</subfield><subfield code="0">(DE-Frei129)00027767</subfield><subfield code="0">(DE-588)4069485-9</subfield><subfield code="2">gnd</subfield></datafield><datafield tag="650" ind1=" " ind2="7"><subfield code="a">Erlebnispädagogik</subfield><subfield code="0">(DE-Frei129)00044184</subfield><subfield code="0">(DE-588)4128593-1</subfield><subfield code="2">gnd</subfield></datafield><datafield tag="689" ind1="0" ind2="0"><subfield code="0">(DE-588)4025825-7</subfield><subfield code="D">s</subfield><subfield code="a">Biene </subfield></datafield><datafield tag="689" ind1="0" ind2="1"><subfield code="0">(DE-588)4069485-9</subfield><subfield code="D">s</subfield><subfield code="a">Biologischer Garten </subfield></datafield><datafield tag="689" ind1="0" ind2="2"><subfield code="0">(DE-588)4128593-1</subfield><subfield code="D">s</subfield><subfield code="a">Erlebnispädagogik</subfield><subfield code="5">DE-101</subfield></datafield><datafield tag="700" ind1="1" ind2=" "><subfield code="0">(DE-588)142208213</subfield><subfield code="0">(DE-Frei129)00812316</subfield><subfield code="a">Obermann, Gudrun</subfield><subfield code="4">aut</subfield></datafield><datafield tag="852" ind1=" " ind2=" "><subfield code="a">Frei129</subfield><subfield code="c">Bio F 700: 41</subfield></datafield><datafield tag="856" ind1="4" ind2=" "><subfield code="8">00</subfield><subfield code="u">http://d-nb.info/1002409268/04</subfield><subfield code="y">Kurzbeschreibung des Verlags</subfield></datafield><datafield tag="980" ind1="0" ind2=" "><subfield code="a">00214512</subfield><subfield code="9">(PHFR)</subfield><subfield code="b">UG (33)</subfield><subfield code="c">Bio F 700: 41</subfield><subfield code="d">Standardleihe (01)</subfield><subfield code="e">Verfügbar (X)</subfield></datafield><datafield tag="980" ind1="0" ind2=" "><subfield code="a">00362070</subfield><subfield code="9">(PHFR)</subfield><subfield code="b">Handbibliothek (50)</subfield><subfield code="c">Bio F 700: 41</subfield><subfield code="d">Handbibliothek - nie verleihbar (54)</subfield><subfield code="e">Verfügbar (X)</subfield></datafield></record>