
<record><leader>03836nam a2200000uu 4500</leader><controlfield tag="001">02330898</controlfield><controlfield tag="003">DE-Frei129</controlfield><controlfield tag="005">20220811084043.0</controlfield><controlfield tag="007">tu</controlfield><controlfield tag="008">100901s2010    ||||||||||||||||||||ger||</controlfield><datafield tag="015" ind1=" " ind2=" "><subfield code="a">10,N35</subfield></datafield><datafield tag="016" ind1="7" ind2=" "><subfield code="a">1006073000</subfield><subfield code="2">DE-101</subfield></datafield><datafield tag="020" ind1=" " ind2=" "><subfield code="a">9783871739002</subfield><subfield code="9">9783871739002</subfield><subfield code="c">Pp. : EUR 12.00</subfield></datafield><datafield tag="024" ind1="3" ind2=" "><subfield code="a">9783871739002</subfield></datafield><datafield tag="035" ind1=" " ind2=" "><subfield code="a">(DE-576)634385313</subfield></datafield><datafield tag="041" ind1=" " ind2=" "><subfield code="a">ger</subfield></datafield><datafield tag="044" ind1=" " ind2=" "><subfield code="c">XA-DE-BW</subfield></datafield><datafield tag="100" ind1="1" ind2=" "><subfield code="a">Marti, Kurt</subfield><subfield code="0">(DE-Frei129)00035919</subfield><subfield code="0">(DE-588)118578251</subfield></datafield><datafield tag="245" ind1="1" ind2="0"><subfield code="a">Heilige Vergänglichkeit</subfield><subfield code="b">Spätsätze</subfield><subfield code="c">Kurt Marti</subfield></datafield><datafield tag="260" ind1="3" ind2=" "><subfield code="a">Stuttgart</subfield><subfield code="b">Radius</subfield><subfield code="c">2010</subfield></datafield><datafield tag="300" ind1=" " ind2=" "><subfield code="a">45 Seiten</subfield><subfield code="c">21 cm</subfield></datafield><datafield tag="500" ind1=" " ind2=" "><subfield code="a">IMD-Felder maschinell generiert (GBV)</subfield></datafield><datafield tag="500" ind1=" " ind2=" "><subfield code="a">Archivierung/Langzeitarchivierung gewährleistet</subfield></datafield><datafield tag="650" ind1=" " ind2="7"><subfield code="a">Alter</subfield><subfield code="0">(DE-Frei129)00001156</subfield><subfield code="0">(DE-588)4001446-0</subfield><subfield code="2">gnd</subfield></datafield><datafield tag="650" ind1=" " ind2="7"><subfield code="a">Betrachtung</subfield><subfield code="x">Spiritualität</subfield><subfield code="0">(DE-Frei129)00013980</subfield><subfield code="0">(DE-588)4280396-2</subfield><subfield code="2">gnd</subfield></datafield><datafield tag="651" ind1=" " ind2="7"><subfield code="a">Spiritualität</subfield><subfield code="0">(DE-Frei129)00757857</subfield><subfield code="2">local</subfield></datafield><datafield tag="689" ind1="0" ind2="0"><subfield code="0">(DE-588)4001446-0</subfield><subfield code="D">s</subfield><subfield code="a">Alter </subfield></datafield><datafield tag="689" ind1="0" ind2="1"><subfield code="0">(DE-588)4280396-2</subfield><subfield code="D">s</subfield><subfield code="a">Betrachtung / Spiritualität </subfield></datafield><datafield tag="689" ind1="0" ind2="2"><subfield code="A">s</subfield><subfield code="a">Spiritualität</subfield><subfield code="5">DE-101</subfield></datafield><datafield tag="852" ind1=" " ind2=" "><subfield code="a">Frei 129</subfield><subfield code="b">PHFR</subfield><subfield code="c">BM 7990 M378</subfield></datafield><datafield tag="856" ind1="4" ind2=" "><subfield code="8">00</subfield><subfield code="u">http://d-nb.info/1006073000/04</subfield><subfield code="y">Kurzbeschreibung des Verlags</subfield></datafield><datafield tag="980" ind1="0" ind2=" "><subfield code="a">00209321</subfield><subfield code="9">(PHFR)</subfield><subfield code="b">UG (33)</subfield><subfield code="c">BM 7990 M378</subfield><subfield code="d">Standardleihe (01)</subfield><subfield code="e">Verfügbar (X)</subfield></datafield></record>