
<record><leader>03545nam a2200000uu 4500</leader><controlfield tag="001">02330895</controlfield><controlfield tag="003">DE-Frei129</controlfield><controlfield tag="005">20220811084043.0</controlfield><controlfield tag="007">tu</controlfield><controlfield tag="008">100428s2010    ||||||||||||||||||||ger||</controlfield><datafield tag="015" ind1=" " ind2=" "><subfield code="a">10,N17</subfield></datafield><datafield tag="016" ind1="7" ind2=" "><subfield code="a">1001787617</subfield><subfield code="2">DE-101</subfield></datafield><datafield tag="020" ind1=" " ind2=" "><subfield code="a">3836302586</subfield><subfield code="9">3836302586</subfield><subfield code="c">geb. : EUR 9.90</subfield></datafield><datafield tag="020" ind1=" " ind2=" "><subfield code="a">9783836302586</subfield><subfield code="9">9783836302586</subfield><subfield code="c">KART. : ca. EUR 12.90, ca. EUR 13.30 (AT), ca. sfr 22.50 (freier Pr.)</subfield></datafield><datafield tag="024" ind1="3" ind2=" "><subfield code="a">9783836302586</subfield></datafield><datafield tag="035" ind1=" " ind2=" "><subfield code="a">(DE-576)624888991</subfield></datafield><datafield tag="041" ind1=" " ind2=" "><subfield code="a">ger</subfield><subfield code="h">fre</subfield></datafield><datafield tag="044" ind1=" " ind2=" "><subfield code="c">XA-DE-BY</subfield></datafield><datafield tag="100" ind1="1" ind2=" "><subfield code="a">Gandillot, Clémence</subfield><subfield code="0">(DE-Frei129)00812320</subfield><subfield code="0">(DE-588)142227161</subfield></datafield><datafield tag="245" ind1="1" ind2="4"><subfield code="a">Die Wurzel des Lebens</subfield><subfield code="b">ein Mathematikbuch</subfield><subfield code="c">Clémence Gandillot. Aus dem Franz. von Raoul Schrott</subfield></datafield><datafield tag="246" ind1="1" ind2="3"><subfield code="a">De l&apos;orgigine des mathématiques</subfield></datafield><datafield tag="246" ind1="1" ind2="3"><subfield code="a">De l&apos;origine des mathématiques</subfield></datafield><datafield tag="260" ind1="3" ind2=" "><subfield code="a">München</subfield><subfield code="b">Sanssouci</subfield><subfield code="c">2010</subfield></datafield><datafield tag="300" ind1=" " ind2=" "><subfield code="a">79 S</subfield><subfield code="b">überw. Ill</subfield><subfield code="c">23 cm</subfield></datafield><datafield tag="500" ind1=" " ind2=" "><subfield code="a">IMD-Felder maschinell generiert (GBV)</subfield></datafield><datafield tag="650" ind1=" " ind2="7"><subfield code="a">Mathematik</subfield><subfield code="0">(DE-Frei129)00000979</subfield><subfield code="0">(DE-588)4037944-9</subfield><subfield code="2">gnd</subfield></datafield><datafield tag="689" ind1="0" ind2="0"><subfield code="0">(DE-588)4037944-9</subfield><subfield code="D">s</subfield><subfield code="a">Mathematik</subfield><subfield code="5">DE-101</subfield></datafield><datafield tag="700" ind1="1" ind2=" "><subfield code="0">(DE-588)11936039X</subfield><subfield code="0">(DE-Frei129)00075925</subfield><subfield code="a">Schrott, Raoul</subfield><subfield code="4">Übers.</subfield></datafield><datafield tag="852" ind1=" " ind2=" "><subfield code="a">Frei129</subfield><subfield code="c">Math A 100: 51</subfield></datafield><datafield tag="980" ind1="0" ind2=" "><subfield code="a">00209938</subfield><subfield code="9">(PHFR)</subfield><subfield code="b">UG (33)</subfield><subfield code="c">Math A 100: 51</subfield><subfield code="d">Standardleihe (01)</subfield><subfield code="e">Verfügbar (X)</subfield></datafield></record>