
<record><leader>06169nam a2200000uu 4500</leader><controlfield tag="001">02330808</controlfield><controlfield tag="003">DE-Frei129</controlfield><controlfield tag="005">20220811084043.0</controlfield><controlfield tag="007">tu</controlfield><controlfield tag="008">100917s2010    ||||||||||||||||||||ger||</controlfield><datafield tag="015" ind1=" " ind2=" "><subfield code="a">09,A46,0761</subfield></datafield><datafield tag="016" ind1="7" ind2=" "><subfield code="a">994109474</subfield><subfield code="2">DE-101</subfield></datafield><datafield tag="020" ind1=" " ind2=" "><subfield code="a">9783551359414</subfield><subfield code="9">9783551359414</subfield><subfield code="c">kart. : EUR 9.95 (DE), EUR 10.30 (AT), sfr 18.90 (freier Pr.)</subfield></datafield><datafield tag="024" ind1="3" ind2=" "><subfield code="a">9783551359414</subfield></datafield><datafield tag="035" ind1=" " ind2=" "><subfield code="a">(DE-576)1605217727</subfield></datafield><datafield tag="041" ind1=" " ind2=" "><subfield code="a">ger</subfield></datafield><datafield tag="044" ind1=" " ind2=" "><subfield code="c">XA-DE-HH</subfield></datafield><datafield tag="100" ind1="1" ind2=" "><subfield code="a">F., Christiane</subfield><subfield code="0">(DE-Frei129)00014471</subfield><subfield code="0">(DE-588)11852061X</subfield></datafield><datafield tag="245" ind1="1" ind2="0"><subfield code="a">Wir Kinder vom Bahnhof Zoo</subfield><subfield code="c">Christiane F. Nach Tonbandprotokollen aufgeschrieben von Kai Hermann und Horst Rieck</subfield></datafield><datafield tag="260" ind1="3" ind2=" "><subfield code="a">[Hamburg]</subfield><subfield code="b">Carlsen</subfield><subfield code="c">2010</subfield></datafield><datafield tag="300" ind1=" " ind2=" "><subfield code="a">366 Seiten</subfield><subfield code="b">Ill.</subfield><subfield code="c">20 cm</subfield></datafield><datafield tag="490" ind1="0" ind2=" "><subfield code="a">Carlsen </subfield><subfield code="v">941</subfield></datafield><datafield tag="520" ind1=" " ind2=" "><subfield code="a">Im Alter von zwölf Jahren kommt Christiane F. in einem Jugendheim zum Haschisch, kurz darauf in einer Diskothek zum Heroin. Sie wird süchtig, geht vormittags zur Schule und nachmittags mit ihren ebenfalls heroinabhängigen Freunden auf den Kinderstrich am Bahnhof Zoo. Die Berlinerin Christiane F. erzählt mit minuziösem Erinnerungsvermögen und rückhaltloser Offenheit ihre traurige Geschichte. Ein Buch, das in den 70er Jahren Deutschland erschütterte - und bis heute nichts von seiner Aktualität eingebüt︢ hat</subfield></datafield><datafield tag="610" ind1="1" ind2="7"><subfield code="a">Berlin</subfield><subfield code="g">West</subfield><subfield code="0">(DE-Frei129)00027573</subfield><subfield code="0">(DE-588)4069304-1</subfield><subfield code="2">gnd</subfield></datafield><datafield tag="650" ind1=" " ind2="7"><subfield code="a">Mädchen</subfield><subfield code="0">(DE-Frei129)00015765</subfield><subfield code="0">(DE-588)4036871-3</subfield><subfield code="2">gnd</subfield></datafield><datafield tag="650" ind1=" " ind2="7"><subfield code="a">Drogenabhängigkeit</subfield><subfield code="0">(DE-Frei129)00001969</subfield><subfield code="0">(DE-588)4138597-4</subfield><subfield code="2">gnd</subfield></datafield><datafield tag="650" ind1=" " ind2="7"><subfield code="a">Heroin</subfield><subfield code="0">(DE-Frei129)00059172</subfield><subfield code="0">(DE-588)4159621-3</subfield><subfield code="2">gnd</subfield></datafield><datafield tag="650" ind1=" " ind2="7"><subfield code="a">Kinderprostitution</subfield><subfield code="0">(DE-Frei129)00013290</subfield><subfield code="0">(DE-588)4030622-7</subfield><subfield code="2">gnd</subfield></datafield><datafield tag="689" ind1="0" ind2="0"><subfield code="0">(DE-588)4069304-1</subfield><subfield code="D">g</subfield><subfield code="a">Berlin &lt;West&gt; </subfield></datafield><datafield tag="689" ind1="0" ind2="1"><subfield code="0">(DE-588)4036871-3</subfield><subfield code="D">s</subfield><subfield code="a">Mädchen </subfield></datafield><datafield tag="689" ind1="0" ind2="2"><subfield code="0">(DE-588)4138597-4</subfield><subfield code="D">s</subfield><subfield code="a">Drogenabhängigkeit </subfield></datafield><datafield tag="689" ind1="0" ind2="3"><subfield code="0">(DE-588)4159621-3</subfield><subfield code="D">s</subfield><subfield code="a">Heroin </subfield></datafield><datafield tag="689" ind1="0" ind2="4"><subfield code="0">(DE-588)4030622-7</subfield><subfield code="D">s</subfield><subfield code="a">Kinderprostitution</subfield><subfield code="5">DE-101</subfield></datafield><datafield tag="700" ind1="1" ind2=" "><subfield code="0">(DE-588)123239001</subfield><subfield code="0">(DE-Frei129)00713056</subfield><subfield code="a">Hermann, Kai</subfield><subfield code="4">Bearb.</subfield></datafield><datafield tag="852" ind1=" " ind2=" "><subfield code="a">Frei129</subfield><subfield code="c">Psy K 220: 119</subfield></datafield><datafield tag="856" ind1="4" ind2=" "><subfield code="8">00</subfield><subfield code="u">http://deposit.d-nb.de/cgi-bin/dokserv?id=3298596&amp;prov=M&amp;dok_var=1&amp;dok_ext=htm</subfield><subfield code="y">Inhaltstext</subfield></datafield><datafield tag="980" ind1="0" ind2=" "><subfield code="a">00211829</subfield><subfield code="9">(PHFR)</subfield><subfield code="b">EG-Anbau (32)</subfield><subfield code="c">Psy K 220: 119</subfield><subfield code="d">Standardleihe (01)</subfield><subfield code="e">Verfügbar (X)</subfield></datafield><datafield tag="980" ind1="0" ind2=" "><subfield code="a">00408023</subfield><subfield code="9">(PHFR)</subfield><subfield code="b">EG-Anbau (32)</subfield><subfield code="c">Psy K 220: 119 a</subfield><subfield code="d">Standardleihe (01)</subfield><subfield code="e">Verfügbar (X)</subfield></datafield><datafield tag="980" ind1="0" ind2=" "><subfield code="a">00408024</subfield><subfield code="9">(PHFR)</subfield><subfield code="b">EG-Anbau (32)</subfield><subfield code="c">Psy K 220: 119 b</subfield><subfield code="d">Standardleihe (01)</subfield><subfield code="e">Verfügbar (X)</subfield></datafield></record>