
<record><leader>01846nam a2200000uu 4500</leader><controlfield tag="001">02330749</controlfield><controlfield tag="003">DE-Frei129</controlfield><controlfield tag="005">20220811084043.0</controlfield><controlfield tag="007">tu</controlfield><controlfield tag="008">100915s2010    ||||||||||||||||||||fre||</controlfield><datafield tag="020" ind1=" " ind2=" "><subfield code="a">9782213012162</subfield><subfield code="9">978-2-213-01216-2</subfield></datafield><datafield tag="035" ind1=" " ind2=" "><subfield code="a">(DE-576)160517792X</subfield></datafield><datafield tag="041" ind1=" " ind2=" "><subfield code="a">fre</subfield></datafield><datafield tag="245" ind1="1" ind2="0"><subfield code="a">Ce que parler veut dire</subfield><subfield code="b">l&apos;économie des échanges linguistiques</subfield><subfield code="c">Pierre Bourdieu</subfield></datafield><datafield tag="260" ind1="3" ind2=" "><subfield code="a">Paris</subfield><subfield code="b">Fayard</subfield><subfield code="c">2010</subfield></datafield><datafield tag="300" ind1=" " ind2=" "><subfield code="a">243  Seiten</subfield><subfield code="b">Ill.</subfield></datafield><datafield tag="700" ind1="1" ind2=" "><subfield code="0">(DE-588)118810758</subfield><subfield code="0">(DE-Frei129)00006754</subfield><subfield code="a">Bourdieu, Pierre</subfield><subfield code="4">aut</subfield></datafield><datafield tag="852" ind1=" " ind2=" "><subfield code="a">Frei 129</subfield><subfield code="b">PHFR</subfield><subfield code="c">ES 100 B769</subfield></datafield><datafield tag="980" ind1="0" ind2=" "><subfield code="a">00209877</subfield><subfield code="9">(PHFR)</subfield><subfield code="b">2.OG (35)</subfield><subfield code="c">ES 100 B769</subfield><subfield code="d">Standardleihe (01)</subfield><subfield code="e">Verfügbar (X)</subfield></datafield></record>