
<record><leader>06647nam a2200000uu 4500</leader><controlfield tag="001">02330732</controlfield><controlfield tag="003">DE-Frei129</controlfield><controlfield tag="005">20220811084043.0</controlfield><controlfield tag="007">tu</controlfield><controlfield tag="008">100915s2010    ||||||||||||||||||||ger||</controlfield><datafield tag="016" ind1="7" ind2=" "><subfield code="a">1006751408</subfield><subfield code="2">DE-101</subfield></datafield><datafield tag="020" ind1=" " ind2=" "><subfield code="a">9783828823174</subfield><subfield code="9">9783828823174</subfield><subfield code="c">kart. : EUR 24.90 (DE), EUR 24.90 (AT), sfr 38.10 (freier Pr.)</subfield></datafield><datafield tag="024" ind1="3" ind2=" "><subfield code="a">9783828823174</subfield></datafield><datafield tag="035" ind1=" " ind2=" "><subfield code="a">(DE-576)635197316</subfield></datafield><datafield tag="041" ind1=" " ind2=" "><subfield code="a">ger</subfield></datafield><datafield tag="044" ind1=" " ind2=" "><subfield code="c">XA-DE-HE</subfield><subfield code="c">XA-DE</subfield></datafield><datafield tag="245" ind1="1" ind2="0"><subfield code="a">Unterricht im Kämpfen</subfield><subfield code="b">Kampfsport als Gewaltprävention?</subfield><subfield code="c">Timm Staeglich</subfield></datafield><datafield tag="260" ind1="3" ind2=" "><subfield code="a">Marburg</subfield><subfield code="b">Tectum-Verl.</subfield><subfield code="c">2010</subfield></datafield><datafield tag="300" ind1=" " ind2=" "><subfield code="a">112 Seiten</subfield><subfield code="b">Ill., graph. Darst</subfield><subfield code="c">21 cm</subfield></datafield><datafield tag="500" ind1=" " ind2=" "><subfield code="a">Literaturangaben</subfield></datafield><datafield tag="500" ind1=" " ind2=" "><subfield code="a">IMD-Felder maschinell generiert (GBV)</subfield></datafield><datafield tag="650" ind1=" " ind2="7"><subfield code="a">Kampfsport</subfield><subfield code="0">(DE-Frei129)00004308</subfield><subfield code="0">(DE-588)4029448-1</subfield><subfield code="2">gnd</subfield></datafield><datafield tag="650" ind1=" " ind2="7"><subfield code="a">Gewalt</subfield><subfield code="0">(DE-Frei129)00009747</subfield><subfield code="0">(DE-588)4020832-1</subfield><subfield code="2">gnd</subfield></datafield><datafield tag="650" ind1=" " ind2="7"><subfield code="a">Prävention</subfield><subfield code="0">(DE-Frei129)00031628</subfield><subfield code="0">(DE-588)4076308-0</subfield><subfield code="2">gnd</subfield></datafield><datafield tag="650" ind1=" " ind2="7"><subfield code="a">Schule</subfield><subfield code="0">(DE-Frei129)00003193</subfield><subfield code="0">(DE-588)4053474-1</subfield><subfield code="2">gnd</subfield></datafield><datafield tag="650" ind1=" " ind2="7"><subfield code="a">Jugendarbeit</subfield><subfield code="0">(DE-Frei129)00012691</subfield><subfield code="0">(DE-588)4028863-8</subfield><subfield code="2">gnd</subfield></datafield><datafield tag="689" ind1="0" ind2="0"><subfield code="0">(DE-588)4029448-1</subfield><subfield code="D">s</subfield><subfield code="a">Kampfsport </subfield></datafield><datafield tag="689" ind1="0" ind2="1"><subfield code="0">(DE-588)4020832-1</subfield><subfield code="D">s</subfield><subfield code="a">Gewalt </subfield></datafield><datafield tag="689" ind1="0" ind2="2"><subfield code="0">(DE-588)4076308-0</subfield><subfield code="D">s</subfield><subfield code="a">Prävention </subfield></datafield><datafield tag="689" ind1="0" ind2="3"><subfield code="0">(DE-588)4053474-1</subfield><subfield code="D">s</subfield><subfield code="a">Schule</subfield><subfield code="5">DE-101</subfield></datafield><datafield tag="689" ind1="1" ind2="0"><subfield code="0">(DE-588)4029448-1</subfield><subfield code="D">s</subfield><subfield code="a">Kampfsport </subfield></datafield><datafield tag="689" ind1="1" ind2="1"><subfield code="0">(DE-588)4020832-1</subfield><subfield code="D">s</subfield><subfield code="a">Gewalt </subfield></datafield><datafield tag="689" ind1="1" ind2="2"><subfield code="0">(DE-588)4076308-0</subfield><subfield code="D">s</subfield><subfield code="a">Prävention </subfield></datafield><datafield tag="689" ind1="1" ind2="3"><subfield code="0">(DE-588)4028863-8</subfield><subfield code="D">s</subfield><subfield code="a">Jugendarbeit</subfield><subfield code="5">DE-101</subfield></datafield><datafield tag="689" ind1="2" ind2="0"><subfield code="0">(DE-588)4029448-1</subfield><subfield code="D">s</subfield><subfield code="a">Kampfsport </subfield></datafield><datafield tag="689" ind1="2" ind2="1"><subfield code="0">(DE-588)4020832-1</subfield><subfield code="D">s</subfield><subfield code="a">Gewalt </subfield></datafield><datafield tag="689" ind1="2" ind2="2"><subfield code="0">(DE-588)4076308-0</subfield><subfield code="D">s</subfield><subfield code="a">Prävention </subfield></datafield><datafield tag="689" ind1="2" ind2="3"><subfield code="0">(DE-588)4053474-1</subfield><subfield code="D">s</subfield><subfield code="a">Schule</subfield><subfield code="5">DE-101</subfield></datafield><datafield tag="689" ind1="3" ind2="0"><subfield code="0">(DE-588)4029448-1</subfield><subfield code="D">s</subfield><subfield code="a">Kampfsport </subfield></datafield><datafield tag="689" ind1="3" ind2="1"><subfield code="0">(DE-588)4020832-1</subfield><subfield code="D">s</subfield><subfield code="a">Gewalt </subfield></datafield><datafield tag="689" ind1="3" ind2="2"><subfield code="0">(DE-588)4076308-0</subfield><subfield code="D">s</subfield><subfield code="a">Prävention </subfield></datafield><datafield tag="689" ind1="3" ind2="3"><subfield code="0">(DE-588)4028863-8</subfield><subfield code="D">s</subfield><subfield code="a">Jugendarbeit</subfield><subfield code="5">DE-101</subfield></datafield><datafield tag="700" ind1="1" ind2=" "><subfield code="0">(DE-588)142526568</subfield><subfield code="0">(DE-Frei129)00812324</subfield><subfield code="a">Staeglich, Timm</subfield><subfield code="4">aut</subfield></datafield><datafield tag="852" ind1=" " ind2=" "><subfield code="a">Frei129</subfield><subfield code="c">Spo C 880: 78</subfield></datafield><datafield tag="856" ind1="4" ind2=" "><subfield code="8">00</subfield><subfield code="u">http://d-nb.info/1006751408/04</subfield><subfield code="y">Kurzbeschreibung des Verlags</subfield></datafield><datafield tag="980" ind1="0" ind2=" "><subfield code="a">00218437</subfield><subfield code="9">(PHFR)</subfield><subfield code="b">UG (33)</subfield><subfield code="c">Spo C 880: 78</subfield><subfield code="d">Standardleihe (01)</subfield><subfield code="e">Verfügbar (X)</subfield></datafield></record>