
<record><leader>03700nam a2200000uu 4500</leader><controlfield tag="001">02330726</controlfield><controlfield tag="003">DE-Frei129</controlfield><controlfield tag="005">20220811084043.0</controlfield><controlfield tag="007">tu</controlfield><controlfield tag="008">120618s2010    ||||||||||||||||||||ger||</controlfield><datafield tag="020" ind1=" " ind2=" "><subfield code="a">9783636072405</subfield><subfield code="9">9783636072405</subfield></datafield><datafield tag="035" ind1=" " ind2=" "><subfield code="a">(DE-576)717836940</subfield></datafield><datafield tag="041" ind1=" " ind2=" "><subfield code="a">ger</subfield></datafield><datafield tag="044" ind1=" " ind2=" "><subfield code="c">XA-DE</subfield></datafield><datafield tag="100" ind1="1" ind2=" "><subfield code="a">Birkenbihl, Vera F.</subfield><subfield code="0">(DE-Frei129)00005196</subfield><subfield code="0">(DE-588)129694134</subfield><subfield code="4">aut</subfield></datafield><datafield tag="245" ind1="1" ind2="0"><subfield code="a">Stichwort Schule: trotz Schule lernen!</subfield><subfield code="c">Vera F. Birkenbihl</subfield></datafield><datafield tag="246" ind1="1" ind2="0"><subfield code="a">Trotz Schule lernen!</subfield></datafield><datafield tag="250" ind1=" " ind2=" "><subfield code="a">19. Aufl., 11. Aufl. dieser Ausg.</subfield></datafield><datafield tag="260" ind1="3" ind2=" "><subfield code="a">Heidelberg</subfield><subfield code="b">Mvg-Verl.</subfield><subfield code="c">2010</subfield></datafield><datafield tag="300" ind1=" " ind2=" "><subfield code="a">171 Seiten</subfield><subfield code="b">Ill.</subfield></datafield><datafield tag="500" ind1=" " ind2=" "><subfield code="a">IMD-Felder maschinell generiert (GBV)</subfield></datafield><datafield tag="500" ind1=" " ind2=" "><subfield code="a">Archivierung/Langzeitarchivierung gewährleistet</subfield></datafield><datafield tag="520" ind1=" " ind2=" "><subfield code="a">Rez.: Nach Birkenbihl (zuletzt 2007) regt die Schule die Kinder nicht zum selbstständigen Denken an und entwickelt auch nicht deren Fähigkeit, lebenslang zu lernen. Mit ihren Ideen zum spielerischen Lernen will sie Eltern ermuntern, diesem Versagen der Schule entgegenzuwirken. Eine überzeugende und anregende Umsetzung theoretischer Überlegungen in Beispiele, Aufgaben und Ideen zur praktischen Anwendung in unveränderter Taschenbuch-Neuauflage (1995). (2) (LK/DU: Heckmann)</subfield></datafield><datafield tag="650" ind1=" " ind2="7"><subfield code="a">Schulkind</subfield><subfield code="0">(DE-Frei129)00010253</subfield><subfield code="0">(DE-588)4077197-0</subfield><subfield code="2">gnd</subfield></datafield><datafield tag="650" ind1=" " ind2="7"><subfield code="a">Lerntechnik</subfield><subfield code="0">(DE-Frei129)00007797</subfield><subfield code="0">(DE-588)4074168-0</subfield><subfield code="2">gnd</subfield></datafield><datafield tag="689" ind1="0" ind2="0"><subfield code="0">(DE-588)4077197-0</subfield><subfield code="D">s</subfield><subfield code="a">Schulkind </subfield></datafield><datafield tag="689" ind1="0" ind2="1"><subfield code="0">(DE-588)4074168-0</subfield><subfield code="D">s</subfield><subfield code="a">Lerntechnik</subfield><subfield code="5">DE-101</subfield></datafield><datafield tag="852" ind1=" " ind2=" "><subfield code="a">Frei129</subfield><subfield code="c">Paed K 700: 77 c</subfield></datafield><datafield tag="980" ind1="0" ind2=" "><subfield code="a">00211904</subfield><subfield code="9">(PHFR)</subfield><subfield code="b">EG-Anbau (32)</subfield><subfield code="c">Paed K 700: 77 c</subfield><subfield code="d">Standardleihe (01)</subfield><subfield code="e">Verfügbar (X)</subfield></datafield></record>