
<record><leader>04931nam a2200000uu 4500</leader><controlfield tag="001">02330689</controlfield><controlfield tag="003">DE-Frei129</controlfield><controlfield tag="005">20220811084044.0</controlfield><controlfield tag="007">tu</controlfield><controlfield tag="008">100311s2010    |||||||||m||||||||||ger||</controlfield><datafield tag="015" ind1=" " ind2=" "><subfield code="a">10,A33</subfield></datafield><datafield tag="016" ind1="7" ind2=" "><subfield code="a">1004222726</subfield><subfield code="2">DE-101</subfield></datafield><datafield tag="020" ind1=" " ind2=" "><subfield code="a">9783487142968</subfield><subfield code="9">9783487142968</subfield><subfield code="c">kart. : EUR 29.80</subfield></datafield><datafield tag="035" ind1=" " ind2=" "><subfield code="a">(DE-576)620924578</subfield></datafield><datafield tag="041" ind1=" " ind2=" "><subfield code="a">ger</subfield></datafield><datafield tag="044" ind1=" " ind2=" "><subfield code="c">XA-DE-NI</subfield><subfield code="c">XA-CH</subfield><subfield code="c">XD-US</subfield></datafield><datafield tag="100" ind1="1" ind2=" "><subfield code="a">Thomas, Severine</subfield><subfield code="0">(DE-Frei129)00812281</subfield><subfield code="0">(DE-588)141795506</subfield></datafield><datafield tag="245" ind1="1" ind2="0"><subfield code="a">Organisationskulturen in Kinder- und Jugendhilfe</subfield><subfield code="b">Interpretations- und Handlungsmuster bei Trägern ambulanter Hilfen zur Erziehung im Vergleich</subfield><subfield code="c">Severine Thomas</subfield></datafield><datafield tag="260" ind1="3" ind2=" "><subfield code="a">Hildesheim ; Zürich  [u.a.]</subfield><subfield code="b">Olms</subfield><subfield code="c">2010</subfield></datafield><datafield tag="300" ind1=" " ind2=" "><subfield code="a">427 Seiten</subfield><subfield code="b">graph. Darst.</subfield><subfield code="c">21 cm</subfield></datafield><datafield tag="490" ind1="1" ind2=" "><subfield code="a">Hildesheimer Schriftenreihe zur Sozialpädagogik und Sozialarbeit </subfield><subfield code="v">19</subfield></datafield><datafield tag="500" ind1=" " ind2=" "><subfield code="a">Hildesheim</subfield></datafield><datafield tag="500" ind1=" " ind2=" "><subfield code="a">Literaturverz. S. [399] - 427</subfield></datafield><datafield tag="500" ind1=" " ind2=" "><subfield code="a">IMD-Felder maschinell generiert (GBV)</subfield></datafield><datafield tag="502" ind1=" " ind2=" "><subfield code="a">Zugl.: Hildesheim, Univ., Diss., 2010</subfield></datafield><datafield tag="650" ind1=" " ind2="7"><subfield code="a">Erziehungshilfe</subfield><subfield code="0">(DE-Frei129)00007316</subfield><subfield code="0">(DE-588)4015493-2</subfield><subfield code="2">gnd</subfield></datafield><datafield tag="650" ind1=" " ind2="7"><subfield code="a">Organisationskultur</subfield><subfield code="0">(DE-Frei129)00036984</subfield><subfield code="0">(DE-588)4115463-0</subfield><subfield code="2">gnd</subfield></datafield><datafield tag="650" ind1=" " ind2="7"><subfield code="a">Handlungsorientierung</subfield><subfield code="0">(DE-Frei129)00036243</subfield><subfield code="0">(DE-588)4113843-0</subfield><subfield code="2">gnd</subfield></datafield><datafield tag="689" ind1="0" ind2="0"><subfield code="0">(DE-588)4015493-2</subfield><subfield code="D">s</subfield><subfield code="a">Erziehungshilfe </subfield></datafield><datafield tag="689" ind1="0" ind2="1"><subfield code="0">(DE-588)4115463-0</subfield><subfield code="D">s</subfield><subfield code="a">Organisationskultur </subfield></datafield><datafield tag="689" ind1="0" ind2="2"><subfield code="0">(DE-588)4113843-0</subfield><subfield code="D">s</subfield><subfield code="a">Handlungsorientierung</subfield><subfield code="5">DE-101</subfield></datafield><datafield tag="830" ind1=" " ind2="0"><subfield code="a">Hildesheimer Schriftenreihe zur Sozialpädagogik und Sozialarbeit</subfield><subfield code="v">19</subfield><subfield code="w">(DE-Frei129)00114087</subfield><subfield code="9">219</subfield></datafield><datafield tag="852" ind1=" " ind2=" "><subfield code="a">Frei129</subfield><subfield code="c">Paed U 370: 191</subfield></datafield><datafield tag="856" ind1="4" ind2=" "><subfield code="8">00</subfield><subfield code="u">http://d-nb.info/1004222726/04</subfield><subfield code="y">Kurzbeschreibung des Verlags</subfield></datafield><datafield tag="856" ind1="4" ind2=" "><subfield code="8">01</subfield><subfield code="u">http://deposit.d-nb.de/cgi-bin/dokserv?id=3501477&amp;prov=M&amp;dok_var=1&amp;dok_ext=htm</subfield><subfield code="y">Verlagsinformation</subfield></datafield><datafield tag="980" ind1="0" ind2=" "><subfield code="a">00214054</subfield><subfield code="9">(PHFR)</subfield><subfield code="b">EG-Anbau (32)</subfield><subfield code="c">Paed U 370: 191</subfield><subfield code="d">Standardleihe (01)</subfield><subfield code="e">Verfügbar (X)</subfield></datafield></record>