
<record><leader>04592nam a2200000uu 4500</leader><controlfield tag="001">02330649</controlfield><controlfield tag="003">DE-Frei129</controlfield><controlfield tag="005">20220811084044.0</controlfield><controlfield tag="007">tu</controlfield><controlfield tag="008">100519s2010    ||||||||||||||||||||ger||</controlfield><datafield tag="015" ind1=" " ind2=" "><subfield code="a">10,N20</subfield></datafield><datafield tag="016" ind1="7" ind2=" "><subfield code="a">1002358280</subfield><subfield code="2">DE-101</subfield></datafield><datafield tag="020" ind1=" " ind2=" "><subfield code="a">9783850334211</subfield><subfield code="9">9783850334211</subfield><subfield code="c">GB. : EUR 29.90, EUR 29.90 (AT), sfr 47.90 (freier Pr.)</subfield></datafield><datafield tag="024" ind1="3" ind2=" "><subfield code="a">9783850334211</subfield></datafield><datafield tag="035" ind1=" " ind2=" "><subfield code="a">(DE-576)626473179</subfield></datafield><datafield tag="041" ind1=" " ind2=" "><subfield code="a">ger</subfield></datafield><datafield tag="044" ind1=" " ind2=" "><subfield code="c">XA-AT</subfield></datafield><datafield tag="245" ind1="1" ind2="0"><subfield code="a">Christian Ludwig Attersee</subfield><subfield code="b">sein Leben, seine Kunst, seine Zeit ; mit 517 vom Künstler gewählten Abbildungen</subfield><subfield code="c">Daniela Gregori; Rainer Metzger</subfield></datafield><datafield tag="260" ind1="3" ind2=" "><subfield code="a">Wien</subfield><subfield code="b">Brandstätter</subfield><subfield code="c">2010</subfield></datafield><datafield tag="300" ind1=" " ind2=" "><subfield code="a">327  Seiten</subfield><subfield code="b">zahlr. Ill.</subfield><subfield code="c">240 mm x 165 mm</subfield></datafield><datafield tag="500" ind1=" " ind2=" "><subfield code="a">IMD-Felder maschinell generiert (GBV)</subfield></datafield><datafield tag="600" ind1="1" ind2="7"><subfield code="0">(DE-Frei129)00503078</subfield><subfield code="0">(DE-588)118504932</subfield><subfield code="a">Attersee, Christian Ludwig</subfield><subfield code="2">gnd</subfield></datafield><datafield tag="655" ind1=" " ind2="7"><subfield code="a">Biographie</subfield><subfield code="0">(DE-Frei129)00000053</subfield><subfield code="2">local</subfield></datafield><datafield tag="689" ind1="0" ind2="0"><subfield code="0">(DE-588)118504932</subfield><subfield code="D">p</subfield><subfield code="a">Attersee, Christian Ludwig</subfield><subfield code="5">DE-101</subfield></datafield><datafield tag="700" ind1="1" ind2=" "><subfield code="0">(DE-588)132931761</subfield><subfield code="0">(DE-Frei129)00811569</subfield><subfield code="a">Gregori, Daniela</subfield><subfield code="4">aut</subfield></datafield><datafield tag="700" ind1="1" ind2=" "><subfield code="0">(DE-588)120595427</subfield><subfield code="0">(DE-Frei129)00811199</subfield><subfield code="a">Metzger, Rainer</subfield><subfield code="4">aut</subfield></datafield><datafield tag="700" ind1="1" ind2=" "><subfield code="0">(DE-588)118504932</subfield><subfield code="0">(DE-Frei129)00503078</subfield><subfield code="a">Attersee, Christian Ludwig</subfield><subfield code="4">oth</subfield></datafield><datafield tag="700" ind1="1" ind2=" "><subfield code="0">(DE-588)118504932</subfield><subfield code="0">(DE-Frei129)00503078</subfield><subfield code="a">Attersee, Christian Ludwig</subfield><subfield code="4">aut</subfield></datafield><datafield tag="852" ind1=" " ind2=" "><subfield code="a">Frei 129</subfield><subfield code="b">PHFR</subfield><subfield code="c">LI 12620 G821</subfield></datafield><datafield tag="856" ind1="4" ind2=" "><subfield code="8">00</subfield><subfield code="u">http://deposit.d-nb.de/cgi-bin/dokserv?id=3471675&amp;prov=M&amp;dok_var=1&amp;dok_ext=htm</subfield><subfield code="y">01 Inhaltstext</subfield></datafield><datafield tag="856" ind1="4" ind2=" "><subfield code="8">01</subfield><subfield code="u">http://www.gbv.de/dms/weimar/toc/626473179_toc.pdf</subfield><subfield code="y">Inhaltsverzeichnis</subfield></datafield><datafield tag="856" ind1="4" ind2=" "><subfield code="8">02</subfield><subfield code="u">http://deposit.d-nb.de/cgi-bin/dokserv?id=3471675&amp;prov=M&amp;dok_var=1&amp;dok_ext=htm</subfield><subfield code="y">Inhaltstext</subfield></datafield><datafield tag="980" ind1="0" ind2=" "><subfield code="a">00214521</subfield><subfield code="9">(PHFR)</subfield><subfield code="b">2.OG (35)</subfield><subfield code="c">LI 12620 G821</subfield><subfield code="d">Standardleihe (01)</subfield><subfield code="e">Verfügbar (X)</subfield></datafield></record>