
<record><leader>01776nam a2200000uu 4500</leader><controlfield tag="001">02330606</controlfield><controlfield tag="003">DE-Frei129</controlfield><controlfield tag="005">20220811084044.0</controlfield><controlfield tag="007">tu</controlfield><controlfield tag="008">100908s2010    |||||||||m||||||||||ger||</controlfield><datafield tag="035" ind1=" " ind2=" "><subfield code="a">(DE-576)1399779613</subfield></datafield><datafield tag="041" ind1=" " ind2=" "><subfield code="a">ger</subfield></datafield><datafield tag="100" ind1="1" ind2=" "><subfield code="a">Bindels Rachel, Sanem</subfield><subfield code="0">(DE-Frei129)00808625</subfield></datafield><datafield tag="245" ind1="1" ind2="0"><subfield code="a">&quot;Ich, meine Freunde, mein Leben&quot;</subfield><subfield code="b">eine Untersuchung zur Darbietung jugendlicher Identitäten im Internet</subfield><subfield code="c">Sanem Bindels Rachel</subfield></datafield><datafield tag="260" ind1="3" ind2=" "><subfield code="c">2010</subfield></datafield><datafield tag="300" ind1=" " ind2=" "><subfield code="a">120  Blatt</subfield><subfield code="b">Ill., graph. Darst.</subfield></datafield><datafield tag="502" ind1=" " ind2=" "><subfield code="a">Freiburg, Paed. Hochsch., Diplomarb., Erziehungswissenschaften, Sozialpädagogik, 2010</subfield></datafield><datafield tag="852" ind1=" " ind2=" "><subfield code="a">Frei129</subfield><subfield code="c">Dipl 2000</subfield></datafield><datafield tag="980" ind1="0" ind2=" "><subfield code="a">00212685</subfield><subfield code="9">(PHFR)</subfield><subfield code="b">Magazin (20)</subfield><subfield code="c">Dipl 2000</subfield><subfield code="d">Standardleihe, bestellbar (Magazin) (03)</subfield><subfield code="e">Verfügbar (X)</subfield></datafield></record>