
<record><leader>01748nam a2200000uu 4500</leader><controlfield tag="001">02330591</controlfield><controlfield tag="003">DE-Frei129</controlfield><controlfield tag="005">20220811084044.0</controlfield><controlfield tag="007">tu</controlfield><controlfield tag="008">100908s2010    |||||||||m||||||||||ger||</controlfield><datafield tag="035" ind1=" " ind2=" "><subfield code="a">(DE-576)1399770497</subfield></datafield><datafield tag="041" ind1=" " ind2=" "><subfield code="a">ger</subfield></datafield><datafield tag="100" ind1="1" ind2=" "><subfield code="a">Petit Raoul, Kayl</subfield><subfield code="0">(DE-Frei129)00808616</subfield></datafield><datafield tag="245" ind1="1" ind2="0"><subfield code="a">Qualifizierung für neuere Aufgaben in der Elementarpädagogik</subfield><subfield code="b">unter anderem Erstellung eines Lehrfilms und dessen Evaluation</subfield><subfield code="c">Kayl Petit Raoul</subfield></datafield><datafield tag="260" ind1="3" ind2=" "><subfield code="c">2010</subfield></datafield><datafield tag="300" ind1=" " ind2=" "><subfield code="a">128  Blatt</subfield><subfield code="b">graph. Darst.</subfield></datafield><datafield tag="502" ind1=" " ind2=" "><subfield code="a">Freiburg, Paed. Hochsch., Diplomarb., Sozialpädagogik, 2010</subfield></datafield><datafield tag="852" ind1=" " ind2=" "><subfield code="a">Frei129</subfield><subfield code="c">Dipl 2009</subfield></datafield><datafield tag="980" ind1="0" ind2=" "><subfield code="a">00212677</subfield><subfield code="9">(PHFR)</subfield><subfield code="b">Magazin (20)</subfield><subfield code="c">Dipl 2009</subfield><subfield code="d">Standardleihe, bestellbar (Magazin) (03)</subfield><subfield code="e">Verfügbar (X)</subfield></datafield></record>