
<record><leader>01898nam a2200000uu 4500</leader><controlfield tag="001">02330571</controlfield><controlfield tag="003">DE-Frei129</controlfield><controlfield tag="005">20220811084044.0</controlfield><controlfield tag="007">tu</controlfield><controlfield tag="008">100907s2010    |||||||||m||||||||||ger||</controlfield><datafield tag="035" ind1=" " ind2=" "><subfield code="a">(DE-576)1399716409</subfield></datafield><datafield tag="041" ind1=" " ind2=" "><subfield code="a">ger</subfield></datafield><datafield tag="100" ind1="1" ind2=" "><subfield code="a">Kruijer, Nina</subfield><subfield code="0">(DE-Frei129)00808611</subfield></datafield><datafield tag="245" ind1="1" ind2="4"><subfield code="a">Der Misserfolg von Kindern beim Schuleintritt</subfield><subfield code="b">ein nationaler und internationaler Vergleich</subfield><subfield code="c">Nina Kruijer; Julian Weyand</subfield></datafield><datafield tag="260" ind1="3" ind2=" "><subfield code="c">2010</subfield></datafield><datafield tag="300" ind1=" " ind2=" "><subfield code="a">232  Blatt  + Anhang</subfield><subfield code="b">Kt.</subfield></datafield><datafield tag="502" ind1=" " ind2=" "><subfield code="a">Freiburg, Paed. Hochsch., Diplomarb., Sozialpädagogik, 2010</subfield></datafield><datafield tag="700" ind1="1" ind2=" "><subfield code="0">(DE-Frei129)00808612</subfield><subfield code="a">Weyand, Julian</subfield><subfield code="4">aut</subfield></datafield><datafield tag="852" ind1=" " ind2=" "><subfield code="a">Frei129</subfield><subfield code="c">Dipl 2012</subfield></datafield><datafield tag="980" ind1="0" ind2=" "><subfield code="a">00212688</subfield><subfield code="9">(PHFR)</subfield><subfield code="b">Magazin (20)</subfield><subfield code="c">Dipl 2012</subfield><subfield code="d">Standardleihe, bestellbar (Magazin) (03)</subfield><subfield code="e">Verfügbar (X)</subfield></datafield></record>