
<record><leader>03667nam a2200000uu 4500</leader><controlfield tag="001">02330560</controlfield><controlfield tag="003">DE-Frei129</controlfield><controlfield tag="005">20220811084044.0</controlfield><controlfield tag="007">tu</controlfield><controlfield tag="008">100616s2010    ||||||||||||||||||||ger||</controlfield><datafield tag="015" ind1=" " ind2=" "><subfield code="a">10,N24</subfield></datafield><datafield tag="016" ind1="7" ind2=" "><subfield code="a">1003245269</subfield><subfield code="2">DE-101</subfield></datafield><datafield tag="020" ind1=" " ind2=" "><subfield code="a">9783800167432</subfield><subfield code="9">9783800167432</subfield><subfield code="c">: kart. : EUR 29.90 (DE), EUR 30.80 (AT), sfr 47.90 (freier Pr.)</subfield></datafield><datafield tag="024" ind1="3" ind2=" "><subfield code="a">9783800167432</subfield></datafield><datafield tag="035" ind1=" " ind2=" "><subfield code="a">(DE-576)629383618</subfield></datafield><datafield tag="041" ind1=" " ind2=" "><subfield code="a">ger</subfield><subfield code="h">fre</subfield></datafield><datafield tag="044" ind1=" " ind2=" "><subfield code="c">XA-DE-BW</subfield></datafield><datafield tag="100" ind1="1" ind2=" "><subfield code="a">Groult, Jean-Michel</subfield><subfield code="0">(DE-Frei129)30001496</subfield></datafield><datafield tag="245" ind1="1" ind2="0"><subfield code="a">Grüne Wände selbst gestalten</subfield><subfield code="b">vertikale Gärten für Ihr Zuhause</subfield><subfield code="c">Jean-Michel Groult. Aus dem Franz. übers. von Sabine Hesemann</subfield></datafield><datafield tag="260" ind1="3" ind2=" "><subfield code="a">Stuttgart (Hohenheim)</subfield><subfield code="b">Ulmer</subfield><subfield code="c">2010</subfield></datafield><datafield tag="300" ind1=" " ind2=" "><subfield code="a">190 Seiten</subfield><subfield code="b">Ill., graph. Darst.</subfield><subfield code="c">24 cm</subfield></datafield><datafield tag="500" ind1=" " ind2=" "><subfield code="a">IMD-Felder maschinell generiert (GBV)</subfield></datafield><datafield tag="500" ind1=" " ind2=" "><subfield code="a">Archivierung/Langzeitarchivierung gewährleistet</subfield></datafield><datafield tag="650" ind1=" " ind2="7"><subfield code="a">Fassadenbegrünung</subfield><subfield code="0">(DE-Frei129)00056966</subfield><subfield code="0">(DE-588)4153767-1</subfield><subfield code="2">gnd</subfield></datafield><datafield tag="689" ind1="0" ind2="0"><subfield code="0">(DE-588)4153767-1</subfield><subfield code="D">s</subfield><subfield code="a">Fassadenbegrünung</subfield><subfield code="5">DE-101</subfield></datafield><datafield tag="700" ind1="1" ind2=" "><subfield code="0">(DE-Frei129)00215374</subfield><subfield code="a">Hesemann, Sabine</subfield><subfield code="4">oth</subfield></datafield><datafield tag="852" ind1=" " ind2=" "><subfield code="a">Frei129</subfield><subfield code="c">Bio C 700: 85</subfield></datafield><datafield tag="856" ind1="4" ind2=" "><subfield code="8">00</subfield><subfield code="u">http://deposit.d-nb.de/cgi-bin/dokserv?id=3487748&amp;prov=M&amp;dok_var=1&amp;dok_ext=htm</subfield><subfield code="y">Inhaltstext</subfield></datafield><datafield tag="856" ind1="4" ind2=" "><subfield code="8">01</subfield><subfield code="u">http://d-nb.info/1003245269/04</subfield><subfield code="y">Verlagsinformation</subfield></datafield><datafield tag="980" ind1="0" ind2=" "><subfield code="a">00233529</subfield><subfield code="9">(PHFR)</subfield><subfield code="b">UG (33)</subfield><subfield code="c">Bio C 700: 85</subfield><subfield code="d">Standardleihe (01)</subfield><subfield code="e">Verfügbar (X)</subfield></datafield></record>