
<record><leader>04306nam a2200000uu 4500</leader><controlfield tag="001">02330557</controlfield><controlfield tag="003">DE-Frei129</controlfield><controlfield tag="005">20220811084044.0</controlfield><controlfield tag="007">tu</controlfield><controlfield tag="008">100906s2010    ||||||||||||||||||||ger||</controlfield><datafield tag="015" ind1=" " ind2=" "><subfield code="a">10,B37</subfield></datafield><datafield tag="016" ind1="7" ind2=" "><subfield code="a">1004899270</subfield><subfield code="2">DE-101</subfield></datafield><datafield tag="020" ind1=" " ind2=" "><subfield code="a">9783940606679</subfield><subfield code="9">9783940606679</subfield><subfield code="c">geh. : EUR 4.00</subfield></datafield><datafield tag="024" ind1="3" ind2=" "><subfield code="a">9783940606679</subfield></datafield><datafield tag="035" ind1=" " ind2=" "><subfield code="a">(DE-576)139966994X</subfield></datafield><datafield tag="041" ind1=" " ind2=" "><subfield code="a">ger</subfield></datafield><datafield tag="044" ind1=" " ind2=" "><subfield code="c">XA-DE-BW</subfield></datafield><datafield tag="245" ind1="1" ind2="0"><subfield code="a">Leitlinien der Waldorfpädagogik für die Kindheit von der Geburt bis zum dritten Lebensjahr</subfield><subfield code="c">Pädagogische Forschungstelle beim Bund der Freien Waldorfschulen e.V. Rainer Patzlaff</subfield></datafield><datafield tag="250" ind1=" " ind2=" "><subfield code="a">1. Auflage</subfield></datafield><datafield tag="260" ind1="3" ind2=" "><subfield code="a">Stuttgart</subfield><subfield code="b">Pädagog. Forschungsstelle beim Bund der Freien Waldorfschulen</subfield><subfield code="c">2010</subfield></datafield><datafield tag="300" ind1=" " ind2=" "><subfield code="a">95 Seiten</subfield><subfield code="b">zahlr. Ill.</subfield><subfield code="c">24 cm</subfield></datafield><datafield tag="490" ind1="0" ind2=" "><subfield code="a">Kindheit - Bildung - Gesundheit</subfield></datafield><datafield tag="500" ind1=" " ind2=" "><subfield code="a">Literaturangaben</subfield></datafield><datafield tag="500" ind1=" " ind2=" "><subfield code="a">Archivierung/Langzeitarchivierung gewährleistet</subfield></datafield><datafield tag="650" ind1=" " ind2="7"><subfield code="a">Waldorfpädagogik</subfield><subfield code="0">(DE-Frei129)00025817</subfield><subfield code="0">(DE-588)4064409-1</subfield><subfield code="2">gnd</subfield></datafield><datafield tag="650" ind1=" " ind2="7"><subfield code="a">Kind</subfield><subfield code="x">0-3 Jahre</subfield><subfield code="0">(DE-Frei129)00036492</subfield><subfield code="0">(DE-588)4114171-4</subfield><subfield code="2">gnd</subfield></datafield><datafield tag="651" ind1=" " ind2="7"><subfield code="a">0-3 Jahre</subfield><subfield code="0">(DE-Frei129)00757397</subfield><subfield code="2">local</subfield></datafield><datafield tag="689" ind1="0" ind2="0"><subfield code="0">(DE-588)4064409-1</subfield><subfield code="D">s</subfield><subfield code="a">Waldorfpädagogik </subfield></datafield><datafield tag="689" ind1="0" ind2="1"><subfield code="0">(DE-588)4114171-4</subfield><subfield code="D">s</subfield><subfield code="a">Kind / 0-3 Jahre </subfield></datafield><datafield tag="689" ind1="0" ind2="2"><subfield code="A">s</subfield><subfield code="a">0-3 Jahre</subfield><subfield code="5">DE-101</subfield></datafield><datafield tag="700" ind1="1" ind2=" "><subfield code="0">(DE-588)121404994</subfield><subfield code="0">(DE-Frei129)00041592</subfield><subfield code="a">Patzlaff, Rainer</subfield><subfield code="4">oth</subfield></datafield><datafield tag="710" ind1="2" ind2=" "><subfield code="0">(DE-Frei129)00005486</subfield><subfield code="0">(DE-588)2017425-1</subfield><subfield code="a">Pädagogische Forschungsstelle beim Bund der Freien Waldorfschulen</subfield><subfield code="4">oth</subfield></datafield><datafield tag="852" ind1=" " ind2=" "><subfield code="a">Frei129</subfield><subfield code="c">Paed B 160: 159 ,3</subfield></datafield><datafield tag="980" ind1="0" ind2=" "><subfield code="a">00213165</subfield><subfield code="9">(PHFR)</subfield><subfield code="b">EG-Anbau (32)</subfield><subfield code="c">Paed B 160: 159 ,3</subfield><subfield code="d">Standardleihe (01)</subfield><subfield code="e">Verfügbar (X)</subfield></datafield></record>