
<record><leader>04574nam a2200000uu 4500</leader><controlfield tag="001">02330543</controlfield><controlfield tag="003">DE-Frei129</controlfield><controlfield tag="005">20220811084044.0</controlfield><controlfield tag="007">tu</controlfield><controlfield tag="008">100512s2010    ||||||||||||||||||||ger||</controlfield><datafield tag="015" ind1=" " ind2=" "><subfield code="a">10,A22</subfield></datafield><datafield tag="016" ind1="7" ind2=" "><subfield code="a">1002307759</subfield><subfield code="2">DE-101</subfield></datafield><datafield tag="020" ind1=" " ind2=" "><subfield code="a">9783832290696</subfield><subfield code="9">9783832290696</subfield><subfield code="c">kart. : EUR 24.80 (DE), EUR 24.80 (AT), sfr 49.60 (freier Pr.)</subfield></datafield><datafield tag="024" ind1="3" ind2=" "><subfield code="a">9783832290696</subfield></datafield><datafield tag="035" ind1=" " ind2=" "><subfield code="a">(DE-576)626103533</subfield></datafield><datafield tag="041" ind1=" " ind2=" "><subfield code="a">ger</subfield></datafield><datafield tag="044" ind1=" " ind2=" "><subfield code="c">XA-DE-NW</subfield></datafield><datafield tag="100" ind1="1" ind2=" "><subfield code="a">Sandvoss, Ernst R.</subfield><subfield code="0">(DE-Frei129)00807384</subfield></datafield><datafield tag="245" ind1="1" ind2="4"><subfield code="a">Die Evolution geht weiter</subfield><subfield code="b">Zukunft hat Vorrang</subfield><subfield code="c">Ernst R. Sandvoss</subfield></datafield><datafield tag="260" ind1="3" ind2=" "><subfield code="a">Aachen</subfield><subfield code="b">Shaker-Verl</subfield><subfield code="c">2010</subfield></datafield><datafield tag="300" ind1=" " ind2=" "><subfield code="a">VI, 254 Seiten</subfield><subfield code="c">21 cm, 366 gr.</subfield></datafield><datafield tag="490" ind1="0" ind2=" "><subfield code="a">Berichte aus der Philosophie</subfield></datafield><datafield tag="500" ind1=" " ind2=" "><subfield code="a">IMD-Felder maschinell generiert (GBV)</subfield></datafield><datafield tag="650" ind1=" " ind2="7"><subfield code="a">Evolution</subfield><subfield code="0">(DE-Frei129)00028658</subfield><subfield code="0">(DE-588)4071050-6</subfield><subfield code="2">gnd</subfield></datafield><datafield tag="650" ind1=" " ind2="7"><subfield code="a">Philosophie</subfield><subfield code="0">(DE-Frei129)00000763</subfield><subfield code="0">(DE-588)4045791-6</subfield><subfield code="2">gnd</subfield></datafield><datafield tag="650" ind1=" " ind2="7"><subfield code="a">Human evolution</subfield><subfield code="0">(DE-Frei129)00242184</subfield><subfield code="2">local</subfield></datafield><datafield tag="650" ind1=" " ind2="7"><subfield code="a">Human beings</subfield><subfield code="0">(DE-Frei129)00243386</subfield><subfield code="2">local</subfield></datafield><datafield tag="689" ind1="0" ind2="0"><subfield code="0">(DE-588)4071050-6</subfield><subfield code="D">s</subfield><subfield code="a">Evolution </subfield></datafield><datafield tag="689" ind1="0" ind2="1"><subfield code="0">(DE-588)4045791-6</subfield><subfield code="D">s</subfield><subfield code="a">Philosophie</subfield><subfield code="5">DE-101</subfield></datafield><datafield tag="689" ind1="1" ind2="0"><subfield code="0">(DE-588)4071050-6</subfield><subfield code="D">s</subfield><subfield code="a">Evolution</subfield><subfield code="5">DE-101</subfield></datafield><datafield tag="689" ind1="2" ind2="0"><subfield code="A">s</subfield><subfield code="a">Human evolution</subfield><subfield code="5">DE-101</subfield></datafield><datafield tag="689" ind1="3" ind2="0"><subfield code="A">s</subfield><subfield code="a">Human beings</subfield><subfield code="5">DE-101</subfield></datafield><datafield tag="700" ind1="1" ind2=" "><subfield code="0">(DE-588)117754323</subfield><subfield code="0">(DE-Frei129)00047375</subfield><subfield code="a">Sandvoss, Ernst</subfield><subfield code="4">aut</subfield></datafield><datafield tag="852" ind1=" " ind2=" "><subfield code="a">Frei129</subfield><subfield code="c">Bio E 500: 20</subfield></datafield><datafield tag="856" ind1="4" ind2=" "><subfield code="8">00</subfield><subfield code="u">http://d-nb.info/1002307759/04</subfield><subfield code="y">Kurzbeschreibung des Verlags</subfield></datafield><datafield tag="980" ind1="0" ind2=" "><subfield code="a">00216705</subfield><subfield code="9">(PHFR)</subfield><subfield code="b">UG (33)</subfield><subfield code="c">Bio E 500: 20</subfield><subfield code="d">Standardleihe (01)</subfield><subfield code="e">Verfügbar (X)</subfield></datafield></record>