
<record><leader>06210nam a2200000uu 4500</leader><controlfield tag="001">02330536</controlfield><controlfield tag="003">DE-Frei129</controlfield><controlfield tag="005">20220811084044.0</controlfield><controlfield tag="007">tu</controlfield><controlfield tag="008">100602s2010    |||||||||m||||||||||ger||</controlfield><datafield tag="015" ind1=" " ind2=" "><subfield code="a">10,N22</subfield></datafield><datafield tag="016" ind1="7" ind2=" "><subfield code="a">1002863899</subfield><subfield code="2">DE-101</subfield></datafield><datafield tag="020" ind1=" " ind2=" "><subfield code="a">9783830050711</subfield><subfield code="9">9783830050711</subfield><subfield code="c">PB. : EUR 65.00</subfield></datafield><datafield tag="024" ind1="3" ind2=" "><subfield code="a">9783830050711</subfield></datafield><datafield tag="035" ind1=" " ind2=" "><subfield code="a">(DE-576)627260039</subfield></datafield><datafield tag="041" ind1=" " ind2=" "><subfield code="a">ger</subfield></datafield><datafield tag="044" ind1=" " ind2=" "><subfield code="c">XA-DE-HH</subfield></datafield><datafield tag="100" ind1="1" ind2=" "><subfield code="a">Bindernagel, Janina A.</subfield><subfield code="0">(DE-Frei129)00808606</subfield></datafield><datafield tag="245" ind1="1" ind2="0"><subfield code="a">Pedagogical Content Knowledge (PCK) von Lehrkräften im deutschen Chemieunterricht</subfield><subfield code="b">Untersuchungen hinsichtlich wichtiger Vermittlungsschritte im Rahmen der Inhaltsdomäne Stoff-Teilchen-Konzept und ihre Nutzung in der Lehrerbildung</subfield><subfield code="c">Janina A. Bindernagel</subfield></datafield><datafield tag="250" ind1=" " ind2=" "><subfield code="a">1. Aufl.</subfield></datafield><datafield tag="260" ind1="3" ind2=" "><subfield code="a">Hamburg</subfield><subfield code="b">Kovač</subfield><subfield code="c">2010</subfield></datafield><datafield tag="300" ind1=" " ind2=" "><subfield code="a">153 Seiten</subfield><subfield code="b">Ill., graph. Darst.</subfield><subfield code="c">210 mm x 148 mm, 222 gr.</subfield></datafield><datafield tag="490" ind1="1" ind2=" "><subfield code="a">Schriftenreihe EUB, Erziehung - Unterricht - Bildung </subfield><subfield code="v">148</subfield></datafield><datafield tag="500" ind1=" " ind2=" "><subfield code="a">Bremen</subfield></datafield><datafield tag="500" ind1=" " ind2=" "><subfield code="a">Literaturverz. S. 137 - 151</subfield></datafield><datafield tag="500" ind1=" " ind2=" "><subfield code="a">IMD-Felder maschinell generiert (GBV)</subfield></datafield><datafield tag="502" ind1=" " ind2=" "><subfield code="a">Zugl.: Bremen, Univ., Diss., 2009</subfield></datafield><datafield tag="650" ind1=" " ind2="7"><subfield code="a">Chemieunterricht</subfield><subfield code="0">(DE-Frei129)00004923</subfield><subfield code="0">(DE-588)4009832-1</subfield><subfield code="2">gnd</subfield></datafield><datafield tag="650" ind1=" " ind2="7"><subfield code="a">Lehrer</subfield><subfield code="0">(DE-Frei129)00005864</subfield><subfield code="0">(DE-588)4035088-5</subfield><subfield code="2">gnd</subfield></datafield><datafield tag="650" ind1=" " ind2="7"><subfield code="a">Fachwissen</subfield><subfield code="0">(DE-Frei129)00072453</subfield><subfield code="0">(DE-588)4195141-4</subfield><subfield code="2">gnd</subfield></datafield><datafield tag="650" ind1=" " ind2="7"><subfield code="a">Pädagogische Fähigkeit</subfield><subfield code="0">(DE-Frei129)00064342</subfield><subfield code="0">(DE-588)4173076-8</subfield><subfield code="2">gnd</subfield></datafield><datafield tag="650" ind1=" " ind2="7"><subfield code="a">Fachdidaktik</subfield><subfield code="0">(DE-Frei129)00040269</subfield><subfield code="0">(DE-588)4123176-4</subfield><subfield code="2">gnd</subfield></datafield><datafield tag="689" ind1="0" ind2="0"><subfield code="0">(DE-588)4009832-1</subfield><subfield code="D">s</subfield><subfield code="a">Chemieunterricht </subfield></datafield><datafield tag="689" ind1="0" ind2="1"><subfield code="0">(DE-588)4035088-5</subfield><subfield code="D">s</subfield><subfield code="a">Lehrer </subfield></datafield><datafield tag="689" ind1="0" ind2="2"><subfield code="0">(DE-588)4195141-4</subfield><subfield code="D">s</subfield><subfield code="a">Fachwissen </subfield></datafield><datafield tag="689" ind1="0" ind2="3"><subfield code="0">(DE-588)4173076-8</subfield><subfield code="D">s</subfield><subfield code="a">Pädagogische Fähigkeit</subfield><subfield code="5">DE-101</subfield></datafield><datafield tag="689" ind1="1" ind2="0"><subfield code="0">(DE-588)4123176-4</subfield><subfield code="D">s</subfield><subfield code="a">Fachdidaktik</subfield><subfield code="5">DE-101</subfield></datafield><datafield tag="830" ind1=" " ind2="0"><subfield code="a">Schriftenreihe EUB, Erziehung - Unterricht - Bildung</subfield><subfield code="v">148</subfield><subfield code="w">(DE-Frei129)00135141</subfield><subfield code="9">3148</subfield></datafield><datafield tag="852" ind1=" " ind2=" "><subfield code="a">Frei129</subfield><subfield code="c">Che G 900: 6</subfield></datafield><datafield tag="856" ind1="4" ind2=" "><subfield code="8">00</subfield><subfield code="u">http://d-nb.info/1002863899/04</subfield><subfield code="y">Inhaltsverzeichnis</subfield></datafield><datafield tag="856" ind1="4" ind2=" "><subfield code="8">01</subfield><subfield code="u">http://www.verlagdrkovac.de/978-3-8300-5071-1.htm</subfield><subfield code="y">Verlagsinformation</subfield></datafield><datafield tag="856" ind1="4" ind2=" "><subfield code="8">02</subfield><subfield code="u">http://swbplus.bsz-bw.de/bsz329590545cov.htm</subfield><subfield code="y">Cover</subfield></datafield><datafield tag="856" ind1="4" ind2=" "><subfield code="8">03</subfield><subfield code="u">http://www.verlagdrkovac.de/978-3-8300-5071-1.htm</subfield><subfield code="y">Verlagsinformation</subfield></datafield><datafield tag="980" ind1="0" ind2=" "><subfield code="a">00216706</subfield><subfield code="9">(PHFR)</subfield><subfield code="b">UG (33)</subfield><subfield code="c">Che G 900: 6</subfield><subfield code="d">Standardleihe (01)</subfield><subfield code="e">Verfügbar (X)</subfield></datafield></record>