
<record><leader>03255nam a2200000uu 4500</leader><controlfield tag="001">02330522</controlfield><controlfield tag="003">DE-Frei129</controlfield><controlfield tag="005">20220811084044.0</controlfield><controlfield tag="007">tu</controlfield><controlfield tag="008">100902s2010    ||||||||||||||||||||ger||</controlfield><datafield tag="015" ind1=" " ind2=" "><subfield code="a">10,A34</subfield></datafield><datafield tag="016" ind1="7" ind2=" "><subfield code="a">1005281831</subfield><subfield code="2">DE-101</subfield></datafield><datafield tag="020" ind1=" " ind2=" "><subfield code="a">9783802938405</subfield><subfield code="9">9783802938405</subfield><subfield code="c">kart.</subfield></datafield><datafield tag="035" ind1=" " ind2=" "><subfield code="a">(DE-576)633836990</subfield></datafield><datafield tag="041" ind1=" " ind2=" "><subfield code="a">ger</subfield></datafield><datafield tag="044" ind1=" " ind2=" "><subfield code="c">XA-DE</subfield></datafield><datafield tag="100" ind1="1" ind2=" "><subfield code="a">Kratz, Hans-Jürgen</subfield><subfield code="0">(DE-Frei129)00030636</subfield><subfield code="0">(DE-588)118154397</subfield></datafield><datafield tag="245" ind1="1" ind2="4"><subfield code="a">Das Vorstellungsgespräch</subfield><subfield code="b">vom Bewerbungsschreiben zum erfolgreichen Live-Auftritt. So präsentieren Sie sich vorteilhaft</subfield><subfield code="c">Hans-Jürgen Kratz</subfield></datafield><datafield tag="250" ind1=" " ind2=" "><subfield code="a">6., aktualiesierte Aufl.</subfield></datafield><datafield tag="260" ind1="3" ind2=" "><subfield code="a">Regensburg ; Berlin</subfield><subfield code="b">Walhalla Fachverl. [u. a.]</subfield><subfield code="c">2010</subfield></datafield><datafield tag="300" ind1=" " ind2=" "><subfield code="a">160 Seiten</subfield><subfield code="b">graph. Darst</subfield><subfield code="c">19 cm</subfield></datafield><datafield tag="490" ind1="0" ind2=" "><subfield code="a">Walhalla-Selbstmanagement</subfield></datafield><datafield tag="500" ind1=" " ind2=" "><subfield code="a">IMD-Felder maschinell generiert (GBV)</subfield></datafield><datafield tag="650" ind1=" " ind2="7"><subfield code="a">Vorstellungsgespräch</subfield><subfield code="0">(DE-Frei129)00037760</subfield><subfield code="0">(DE-588)4117406-9</subfield><subfield code="2">gnd</subfield></datafield><datafield tag="689" ind1="0" ind2="0"><subfield code="0">(DE-588)4117406-9</subfield><subfield code="D">s</subfield><subfield code="a">Vorstellungsgespräch</subfield><subfield code="5">DE-101</subfield></datafield><datafield tag="852" ind1=" " ind2=" "><subfield code="a">Frei 129</subfield><subfield code="b">PHFR</subfield><subfield code="c">QB 200 K89 V9 (6)</subfield></datafield><datafield tag="856" ind1="4" ind2=" "><subfield code="8">00</subfield><subfield code="u">http://d-nb.info/1005281831/04</subfield><subfield code="y">Inhaltsverzeichnis</subfield></datafield><datafield tag="980" ind1="0" ind2=" "><subfield code="a">00214350</subfield><subfield code="9">(PHFR)</subfield><subfield code="b">UG (33)</subfield><subfield code="c">QB 200 K89 V9 (6)</subfield><subfield code="d">Standardleihe (01)</subfield><subfield code="e">Verfügbar (X)</subfield></datafield></record>