
<record><leader>04867nam a2200000uu 4500</leader><controlfield tag="001">02330132</controlfield><controlfield tag="003">DE-Frei129</controlfield><controlfield tag="005">20220811084044.0</controlfield><controlfield tag="007">tu</controlfield><controlfield tag="008">100609s2010    ||||||||||||||||||||ger||</controlfield><datafield tag="015" ind1=" " ind2=" "><subfield code="a">10,A32</subfield></datafield><datafield tag="016" ind1="7" ind2=" "><subfield code="a">1003137008</subfield><subfield code="2">DE-101</subfield></datafield><datafield tag="020" ind1=" " ind2=" "><subfield code="a">9783643107619</subfield><subfield code="9">9783643107619</subfield><subfield code="c">kart. : EUR 34.90, sfr 55.90 (freier Pr.)</subfield></datafield><datafield tag="024" ind1="3" ind2=" "><subfield code="a">9783643107619</subfield></datafield><datafield tag="035" ind1=" " ind2=" "><subfield code="a">(DE-576)62766993X</subfield></datafield><datafield tag="041" ind1=" " ind2=" "><subfield code="a">ger</subfield><subfield code="a">eng</subfield></datafield><datafield tag="044" ind1=" " ind2=" "><subfield code="c">XA-DE</subfield><subfield code="c">XA-DE-NW</subfield></datafield><datafield tag="245" ind1="1" ind2="0"><subfield code="a">Poetry tREnD</subfield><subfield code="b">eine englisch-deutsche Anthologie zeitgenössischer Lyrik</subfield><subfield code="c">Aprilia Zank (Hg.)</subfield></datafield><datafield tag="260" ind1="3" ind2=" "><subfield code="a">Berlin ; Münster</subfield><subfield code="b">Lit-Verl.</subfield><subfield code="c">2010</subfield></datafield><datafield tag="300" ind1=" " ind2=" "><subfield code="a">XV, 334  Seiten</subfield><subfield code="c">21 cm</subfield></datafield><datafield tag="490" ind1="1" ind2=" "><subfield code="a">Transkulturelle Kommunikation</subfield><subfield code="v">Bd. 4</subfield></datafield><datafield tag="500" ind1=" " ind2=" "><subfield code="a">Beitr. teilw. dt., teilw. engl.</subfield></datafield><datafield tag="500" ind1=" " ind2=" "><subfield code="a">Beitr. teilw. dt., teilw. engl., teilw. dt. und engl.</subfield></datafield><datafield tag="500" ind1=" " ind2=" "><subfield code="a">IMD-Felder maschinell generiert (GBV)</subfield></datafield><datafield tag="650" ind1=" " ind2="7"><subfield code="a">Englisch</subfield><subfield code="0">(DE-Frei129)00006961</subfield><subfield code="0">(DE-588)4014777-0</subfield><subfield code="2">gnd</subfield></datafield><datafield tag="650" ind1=" " ind2="7"><subfield code="a">Lyrik</subfield><subfield code="0">(DE-Frei129)00126763</subfield><subfield code="0">(DE-588)4036774-5</subfield><subfield code="2">gnd</subfield></datafield><datafield tag="650" ind1=" " ind2="7"><subfield code="a">Übersetzung</subfield><subfield code="0">(DE-Frei129)00002519</subfield><subfield code="0">(DE-588)4061418-9</subfield><subfield code="2">gnd</subfield></datafield><datafield tag="650" ind1=" " ind2="7"><subfield code="a">Deutsch</subfield><subfield code="0">(DE-Frei129)00001208</subfield><subfield code="0">(DE-588)4113292-0</subfield><subfield code="2">gnd</subfield></datafield><datafield tag="689" ind1="0" ind2="0"><subfield code="0">(DE-588)4014777-0</subfield><subfield code="D">s</subfield><subfield code="a">Englisch </subfield></datafield><datafield tag="689" ind1="0" ind2="1"><subfield code="0">(DE-588)4036774-5</subfield><subfield code="D">s</subfield><subfield code="a">Lyrik </subfield></datafield><datafield tag="689" ind1="0" ind2="2"><subfield code="0">(DE-588)4061418-9</subfield><subfield code="D">s</subfield><subfield code="a">Übersetzung </subfield></datafield><datafield tag="689" ind1="0" ind2="3"><subfield code="0">(DE-588)4113292-0</subfield><subfield code="D">s</subfield><subfield code="a">Deutsch</subfield><subfield code="5">DE-101</subfield></datafield><datafield tag="700" ind1="1" ind2=" "><subfield code="0">(DE-Frei129)00138168</subfield><subfield code="a">Zank, Aprilia</subfield><subfield code="4">Hrsg.</subfield></datafield><datafield tag="830" ind1=" " ind2="0"><subfield code="a">Transkulturelle Kommunikation</subfield><subfield code="v">Bd. 4</subfield><subfield code="w">(DE-Frei129)01753968</subfield><subfield code="9">14</subfield></datafield><datafield tag="852" ind1=" " ind2=" "><subfield code="a">Frei 129</subfield><subfield code="b">PHFR</subfield><subfield code="c">HN 1570 Z31</subfield></datafield><datafield tag="856" ind1="4" ind2=" "><subfield code="8">00</subfield><subfield code="u">http://d-nb.info/1003137008/04</subfield><subfield code="y">04 Inhaltsverzeichnis</subfield></datafield><datafield tag="980" ind1="0" ind2=" "><subfield code="a">00219123</subfield><subfield code="9">(PHFR)</subfield><subfield code="b">2.OG (35)</subfield><subfield code="c">HN 1570 Z31</subfield><subfield code="d">Standardleihe (01)</subfield><subfield code="e">Verfügbar (X)</subfield></datafield></record>