
<record><leader>05974nam a2200000uu 4500</leader><controlfield tag="001">02330000</controlfield><controlfield tag="003">DE-Frei129</controlfield><controlfield tag="005">20220811084044.0</controlfield><controlfield tag="007">tu</controlfield><controlfield tag="008">100817s2010    |||||||||m||||||||||ger||</controlfield><datafield tag="015" ind1=" " ind2=" "><subfield code="a">10,N20</subfield></datafield><datafield tag="016" ind1="7" ind2=" "><subfield code="a">1002470196</subfield><subfield code="2">DE-101</subfield></datafield><datafield tag="020" ind1=" " ind2=" "><subfield code="a">9783830923039</subfield><subfield code="9">9783830923039</subfield><subfield code="c">PB. : EUR 24.90</subfield></datafield><datafield tag="024" ind1="3" ind2=" "><subfield code="a">9783830923039</subfield></datafield><datafield tag="035" ind1=" " ind2=" "><subfield code="a">(DE-576)1604712600</subfield></datafield><datafield tag="041" ind1=" " ind2=" "><subfield code="a">ger</subfield></datafield><datafield tag="044" ind1=" " ind2=" "><subfield code="c">XA-DE-NW</subfield></datafield><datafield tag="245" ind1="1" ind2="4"><subfield code="a">Die &quot;Dramaturgie&quot; im Klassenzimmer</subfield><subfield code="b">das Ritual des Morgentreffens und Montagskreises in der japanischen und deutschen Grundschule; eine qualitative Untersuchung</subfield><subfield code="c">Midori Mori</subfield></datafield><datafield tag="260" ind1="3" ind2=" "><subfield code="a">Münster ; München ; Berlin [u.a.]</subfield><subfield code="b">UTB GmbH</subfield><subfield code="c">2010</subfield></datafield><datafield tag="300" ind1=" " ind2=" "><subfield code="a">138 Seiten</subfield><subfield code="b">Ill.</subfield><subfield code="c">210 mm x 148 mm</subfield></datafield><datafield tag="490" ind1="1" ind2=" "><subfield code="a">European Studies in Education </subfield><subfield code="v">28</subfield></datafield><datafield tag="500" ind1=" " ind2=" "><subfield code="a">Berlin</subfield></datafield><datafield tag="502" ind1=" " ind2=" "><subfield code="a">Zugl.: Berlin, Freie Univ., Diss., 2009</subfield></datafield><datafield tag="610" ind1="1" ind2="7"><subfield code="a">Kyōto</subfield><subfield code="0">(DE-Frei129)00029856</subfield><subfield code="0">(DE-588)4073426-2</subfield><subfield code="2">gnd</subfield></datafield><datafield tag="650" ind1=" " ind2="7"><subfield code="a">Kind</subfield><subfield code="x">6-7 Jahre</subfield><subfield code="0">(DE-Frei129)00090509</subfield><subfield code="0">(DE-588)4317927-7</subfield><subfield code="2">gnd</subfield></datafield><datafield tag="650" ind1=" " ind2="7"><subfield code="a">Unterrichtsbeginn</subfield><subfield code="0">(DE-Frei129)00069544</subfield><subfield code="0">(DE-588)4187070-0</subfield><subfield code="2">gnd</subfield></datafield><datafield tag="650" ind1=" " ind2="7"><subfield code="a">Ritual</subfield><subfield code="0">(DE-Frei129)00020716</subfield><subfield code="0">(DE-588)4050164-4</subfield><subfield code="2">gnd</subfield></datafield><datafield tag="650" ind1=" " ind2="7"><subfield code="a">Schülerbeobachtung</subfield><subfield code="0">(DE-Frei129)00066809</subfield><subfield code="0">(DE-588)4180034-5</subfield><subfield code="2">gnd</subfield></datafield><datafield tag="651" ind1=" " ind2="7"><subfield code="a">Berlin</subfield><subfield code="0">(DE-Frei129)00003318</subfield><subfield code="0">(DE-588)4005728-8</subfield><subfield code="2">gnd</subfield></datafield><datafield tag="651" ind1=" " ind2="7"><subfield code="a">6-7 Jahre</subfield><subfield code="0">(DE-Frei129)00760193</subfield><subfield code="2">local</subfield></datafield><datafield tag="689" ind1="0" ind2="0"><subfield code="0">(DE-588)4073426-2</subfield><subfield code="D">g</subfield><subfield code="a">Kyōto </subfield></datafield><datafield tag="689" ind1="0" ind2="1"><subfield code="0">(DE-588)4005728-8</subfield><subfield code="D">g</subfield><subfield code="a">Berlin </subfield></datafield><datafield tag="689" ind1="0" ind2="2"><subfield code="0">(DE-588)4317927-7</subfield><subfield code="D">s</subfield><subfield code="a">Kind / 6-7 Jahre </subfield></datafield><datafield tag="689" ind1="0" ind2="3"><subfield code="A">s</subfield><subfield code="a">6-7 Jahre </subfield></datafield><datafield tag="689" ind1="0" ind2="4"><subfield code="0">(DE-588)4187070-0</subfield><subfield code="D">s</subfield><subfield code="a">Unterrichtsbeginn </subfield></datafield><datafield tag="689" ind1="0" ind2="5"><subfield code="0">(DE-588)4050164-4</subfield><subfield code="D">s</subfield><subfield code="a">Ritual </subfield></datafield><datafield tag="689" ind1="0" ind2="6"><subfield code="0">(DE-588)4180034-5</subfield><subfield code="D">s</subfield><subfield code="a">Schülerbeobachtung</subfield><subfield code="5">DE-101</subfield></datafield><datafield tag="700" ind1="1" ind2=" "><subfield code="0">(DE-588)141441224</subfield><subfield code="0">(DE-Frei129)00812252</subfield><subfield code="a">Mori, Midori</subfield><subfield code="4">aut</subfield></datafield><datafield tag="830" ind1=" " ind2="0"><subfield code="a">European studies in education</subfield><subfield code="v">28</subfield><subfield code="w">(DE-Frei129)00156204</subfield><subfield code="9">228</subfield></datafield><datafield tag="852" ind1=" " ind2=" "><subfield code="a">Frei129</subfield><subfield code="c">Paed H 760: 123</subfield></datafield><datafield tag="856" ind1="4" ind2=" "><subfield code="8">00</subfield><subfield code="u">http://deposit.d-nb.de/cgi-bin/dokserv?id=3476202&amp;prov=M&amp;dok_var=1&amp;dok_ext=htm</subfield><subfield code="y">Inhaltstext</subfield></datafield><datafield tag="980" ind1="0" ind2=" "><subfield code="a">00209843</subfield><subfield code="9">(PHFR)</subfield><subfield code="b">EG-Anbau (32)</subfield><subfield code="c">Paed H 760: 123</subfield><subfield code="d">Standardleihe (01)</subfield><subfield code="e">Verfügbar (X)</subfield></datafield></record>