
<record><leader>04416nam a2200000uu 4500</leader><controlfield tag="001">02329984</controlfield><controlfield tag="003">DE-Frei129</controlfield><controlfield tag="005">20220811084044.0</controlfield><controlfield tag="007">tu</controlfield><controlfield tag="008">100505s2010    ||||||||||||||||||||eng||</controlfield><datafield tag="015" ind1=" " ind2=" "><subfield code="a">10,N18</subfield></datafield><datafield tag="016" ind1="7" ind2=" "><subfield code="a">1001970829</subfield><subfield code="2">DE-101</subfield></datafield><datafield tag="020" ind1=" " ind2=" "><subfield code="a">9783190079315</subfield><subfield code="9">9783190079315</subfield><subfield code="c">KART. : EUR 7.95, EUR 8.20 (AT), sfr 14.60 (freier Pr.)</subfield></datafield><datafield tag="024" ind1="3" ind2=" "><subfield code="a">9783190079315</subfield></datafield><datafield tag="035" ind1=" " ind2=" "><subfield code="a">(DE-576)625372557</subfield></datafield><datafield tag="041" ind1=" " ind2=" "><subfield code="a">eng</subfield><subfield code="a">ger</subfield></datafield><datafield tag="044" ind1=" " ind2=" "><subfield code="c">XA-DE-BY</subfield></datafield><datafield tag="100" ind1="1" ind2=" "><subfield code="a">Crossley, Nicola</subfield><subfield code="0">(DE-Frei129)03003624</subfield></datafield><datafield tag="245" ind1="1" ind2="0"><subfield code="a">Gehirnjogging Englisch</subfield><subfield code="b">[über 100 knifflige Sprach- und Denksportaufgaben ; Niveau A1 - A2]</subfield><subfield code="c">Luciana Ziglio; Nicola Crossley</subfield></datafield><datafield tag="250" ind1=" " ind2=" "><subfield code="a">1. Aufl.</subfield></datafield><datafield tag="260" ind1="3" ind2=" "><subfield code="a">Ismaning</subfield><subfield code="b">Hueber Verlag</subfield><subfield code="c">2010</subfield></datafield><datafield tag="300" ind1=" " ind2=" "><subfield code="a">160 Seiten</subfield><subfield code="b">Ill.</subfield><subfield code="c">190 mm x 125 mm</subfield></datafield><datafield tag="500" ind1=" " ind2=" "><subfield code="a">IMD-Felder maschinell generiert (GBV)</subfield></datafield><datafield tag="520" ind1=" " ind2=" "><subfield code="a">Die neue Reihe Gehirnjogging richtet sich an Lernende mit geringen oder mittleren Kenntnissen, die spielerisch und mühelos ihre Sprach- und Wortschatzkenntnisse sowie ihre Merkfähigkeit verbessern möchten</subfield></datafield><datafield tag="650" ind1=" " ind2="7"><subfield code="a">Englisch</subfield><subfield code="0">(DE-Frei129)00006961</subfield><subfield code="0">(DE-588)4014777-0</subfield><subfield code="2">gnd</subfield></datafield><datafield tag="650" ind1=" " ind2="7"><subfield code="a">Denktraining</subfield><subfield code="0">(DE-Frei129)00049417</subfield><subfield code="0">(DE-588)4135838-7</subfield><subfield code="2">gnd</subfield></datafield><datafield tag="689" ind1="0" ind2="0"><subfield code="0">(DE-588)4014777-0</subfield><subfield code="D">s</subfield><subfield code="a">Englisch</subfield><subfield code="5">DE-101</subfield></datafield><datafield tag="689" ind1="1" ind2="0"><subfield code="0">(DE-588)4135838-7</subfield><subfield code="D">s</subfield><subfield code="a">Denktraining</subfield><subfield code="5">DE-101</subfield></datafield><datafield tag="700" ind1="1" ind2=" "><subfield code="0">(DE-Frei129)00135346</subfield><subfield code="a">Ziglio, Luciana</subfield><subfield code="4">aut</subfield></datafield><datafield tag="852" ind1=" " ind2=" "><subfield code="a">Frei 129</subfield><subfield code="b">PHFR</subfield><subfield code="c">HD 236 C951</subfield></datafield><datafield tag="856" ind1="4" ind2=" "><subfield code="8">00</subfield><subfield code="u">http://deposit.d-nb.de/cgi-bin/dokserv?id=3463023&amp;prov=M&amp;dok_var=1&amp;dok_ext=htm</subfield><subfield code="y">Inhaltstext</subfield></datafield><datafield tag="856" ind1="4" ind2=" "><subfield code="8">01</subfield><subfield code="u">http://deposit.d-nb.de/cgi-bin/dokserv?id=3463023&amp;prov=M&amp;dok_var=1&amp;dok_ext=htm</subfield><subfield code="y">01 Inhaltstext</subfield></datafield><datafield tag="980" ind1="0" ind2=" "><subfield code="a">00334257</subfield><subfield code="9">(PHFR)</subfield><subfield code="b">Handbibliothek (50)</subfield><subfield code="c">Fre N 100: 67</subfield><subfield code="d">Handbibliothek - nie verleihbar (54)</subfield><subfield code="e">Verfügbar (X)</subfield></datafield></record>