
<record><leader>03550nam a2200000uu 4500</leader><controlfield tag="001">02329929</controlfield><controlfield tag="003">DE-Frei129</controlfield><controlfield tag="005">20220811084044.0</controlfield><controlfield tag="007">tu</controlfield><controlfield tag="008">100813s2010    |||||||||m||||||||||ger||</controlfield><datafield tag="015" ind1=" " ind2=" "><subfield code="a">10,A26</subfield></datafield><datafield tag="016" ind1="7" ind2=" "><subfield code="a">998952788</subfield><subfield code="2">DE-101</subfield></datafield><datafield tag="020" ind1=" " ind2=" "><subfield code="a">9783865533500</subfield><subfield code="9">9783865533500</subfield><subfield code="c">kart. : EUR 32.35</subfield></datafield><datafield tag="024" ind1="3" ind2=" "><subfield code="a">9783865533500</subfield></datafield><datafield tag="035" ind1=" " ind2=" "><subfield code="a">(DE-576)1604662301</subfield></datafield><datafield tag="041" ind1=" " ind2=" "><subfield code="a">ger</subfield></datafield><datafield tag="044" ind1=" " ind2=" "><subfield code="c">XA-DE-NW</subfield></datafield><datafield tag="245" ind1="1" ind2="0"><subfield code="a">Neue ästhetische Wege an Jugendtheatern in Deutschland</subfield><subfield code="b">mit einem vergleichenden Blick auf die Jugendtheater-Szene in Tschechien</subfield><subfield code="c">Raphaela Panyr</subfield></datafield><datafield tag="260" ind1="3" ind2=" "><subfield code="a">Duisburg ; Köln</subfield><subfield code="b">WiKu</subfield><subfield code="c">2010</subfield></datafield><datafield tag="300" ind1=" " ind2=" "><subfield code="a">327  Seiten</subfield><subfield code="b">Ill.</subfield><subfield code="c">21 cm</subfield></datafield><datafield tag="502" ind1=" " ind2=" "><subfield code="a">Zugl.: München, Univ., Diss., 2009</subfield></datafield><datafield tag="650" ind1=" " ind2="7"><subfield code="a">Jugendtheater</subfield><subfield code="0">(DE-Frei129)00041874</subfield><subfield code="0">(DE-588)4162874-3</subfield><subfield code="2">gnd</subfield></datafield><datafield tag="650" ind1=" " ind2="7"><subfield code="a">Ästhetik</subfield><subfield code="0">(DE-Frei129)00000756</subfield><subfield code="0">(DE-588)4000626-8</subfield><subfield code="2">gnd</subfield></datafield><datafield tag="689" ind1="0" ind2="0"><subfield code="0">(DE-588)4162874-3</subfield><subfield code="D">s</subfield><subfield code="a">Jugendtheater </subfield></datafield><datafield tag="689" ind1="0" ind2="1"><subfield code="0">(DE-588)4000626-8</subfield><subfield code="D">s</subfield><subfield code="a">Ästhetik</subfield><subfield code="5">DE-101</subfield></datafield><datafield tag="700" ind1="1" ind2=" "><subfield code="0">(DE-588)141454970</subfield><subfield code="0">(DE-Frei129)00812253</subfield><subfield code="a">Panýr, Raphaela</subfield><subfield code="4">aut</subfield></datafield><datafield tag="852" ind1=" " ind2=" "><subfield code="a">Frei 129</subfield><subfield code="b">PHFR</subfield><subfield code="c">AP 69150 P199</subfield></datafield><datafield tag="856" ind1="4" ind2=" "><subfield code="8">00</subfield><subfield code="u">http://d-nb.info/998952788/04</subfield><subfield code="y">Inhaltsverzeichnis</subfield></datafield><datafield tag="980" ind1="0" ind2=" "><subfield code="a">00213160</subfield><subfield code="9">(PHFR)</subfield><subfield code="b">UG (33)</subfield><subfield code="c">AP 69150 P199</subfield><subfield code="d">Standardleihe (01)</subfield><subfield code="e">ausgeliehen (A) - Fälligkeitsdatum: 15.08.2022</subfield></datafield></record>