
<record><leader>02048nam a2200000uuc4500</leader><controlfield tag="001">02329630</controlfield><controlfield tag="003">DE-Frei129</controlfield><controlfield tag="005">20220811084044.0</controlfield><controlfield tag="007">tu</controlfield><controlfield tag="008">100810s2010    ||||||||||||||||||||ger||</controlfield><datafield tag="020" ind1=" " ind2=" "><subfield code="a">9783403064718</subfield><subfield code="9">9783403064718</subfield></datafield><datafield tag="035" ind1=" " ind2=" "><subfield code="a">(DE-576)1397421010</subfield></datafield><datafield tag="041" ind1=" " ind2=" "><subfield code="a">ger</subfield></datafield><datafield tag="245" ind1="1" ind2="0"><subfield code="a">Besonders begabte Kinder individuell fördern</subfield><subfield code="b">[Kopiervorlagen; Grundschule]</subfield><subfield code="n">2</subfield><subfield code="p">Mathematik : Schwerpunkt Arithmetik</subfield><subfield code="c">Bernd Ganser (Hrsg.) ...</subfield></datafield><datafield tag="250" ind1=" " ind2=" "><subfield code="a">1. Aufl.</subfield></datafield><datafield tag="260" ind1="3" ind2=" "><subfield code="c">2010</subfield></datafield><datafield tag="300" ind1=" " ind2=" "><subfield code="a">154 Seiten</subfield></datafield><datafield tag="773" ind1="0" ind2="8"><subfield code="w">(DE-Frei129)01718147</subfield><subfield code="q">MATH12</subfield></datafield><datafield tag="852" ind1=" " ind2=" "><subfield code="a">Frei129</subfield><subfield code="c">Math N 220: 221 ,2</subfield></datafield><datafield tag="856" ind1="4" ind2=" "><subfield code="8">00</subfield><subfield code="u">http://d-nb.info/1127171259/04</subfield><subfield code="y">Inhaltsverzeichnis</subfield></datafield><datafield tag="980" ind1="0" ind2=" "><subfield code="a">00211928</subfield><subfield code="9">(PHFR)</subfield><subfield code="b">UG (33)</subfield><subfield code="c">Math N 220: 221 ,2</subfield><subfield code="d">Standardleihe (01)</subfield><subfield code="e">ausgeliehen (A) - Fälligkeitsdatum: 05.09.2022</subfield></datafield></record>