
<record><leader>05838nam a2200000uu 4500</leader><controlfield tag="001">02329608</controlfield><controlfield tag="003">DE-Frei129</controlfield><controlfield tag="005">20220811084045.0</controlfield><controlfield tag="007">tu</controlfield><controlfield tag="008">100714s2010    ||||||||||||||||||||ger||</controlfield><datafield tag="016" ind1="7" ind2=" "><subfield code="a">1004290330</subfield><subfield code="2">DE-101</subfield></datafield><datafield tag="020" ind1=" " ind2=" "><subfield code="a">9783881184878</subfield><subfield code="9">9783881184878</subfield><subfield code="c">PB. : EUR 18.00</subfield></datafield><datafield tag="024" ind1="3" ind2=" "><subfield code="a">9783881184878</subfield></datafield><datafield tag="035" ind1=" " ind2=" "><subfield code="a">(DE-576)631165460</subfield></datafield><datafield tag="041" ind1=" " ind2=" "><subfield code="a">ger</subfield></datafield><datafield tag="044" ind1=" " ind2=" "><subfield code="c">XA-DE-BE</subfield></datafield><datafield tag="245" ind1="1" ind2="0"><subfield code="a">Tausend Mal &quot;warum&quot;? Verbesserung der Bildungsqualität in vorschulischen Einrichtungen</subfield><subfield code="b">Dokumentation einer Fachtagung des Deutschen Instituts für Urbanistik (Difu) in Kooperation mit dem Deutschen Städtetag (DST), der Deutsche Telekom Stiftung und der Arbeitsgruppe Fachtagungen Jugendhilfe am 14./15.Januar 2010 in Berlin</subfield><subfield code="c">Klaus J. Beckmann; Kerstin Landua (Hrsg.)</subfield></datafield><datafield tag="260" ind1="3" ind2=" "><subfield code="a">Berlin</subfield><subfield code="b">Dt. Inst. für Urbanistik</subfield><subfield code="c">2010</subfield></datafield><datafield tag="300" ind1=" " ind2=" "><subfield code="a">125 Seiten</subfield><subfield code="b">Ill., graph. Darst.</subfield></datafield><datafield tag="490" ind1="1" ind2=" "><subfield code="a">Difu-Impulse </subfield><subfield code="v">2010,3</subfield></datafield><datafield tag="500" ind1=" " ind2=" "><subfield code="a">Konferenzschrift, 2010</subfield></datafield><datafield tag="500" ind1=" " ind2=" "><subfield code="a">Berlin</subfield></datafield><datafield tag="500" ind1=" " ind2=" "><subfield code="a">IMD-Felder maschinell generiert (GBV)</subfield></datafield><datafield tag="650" ind1=" " ind2="7"><subfield code="a">Kleinkindpädagogik</subfield><subfield code="0">(DE-Frei129)00029911</subfield><subfield code="0">(DE-588)4073499-7</subfield><subfield code="2">gnd</subfield></datafield><datafield tag="650" ind1=" " ind2="7"><subfield code="a">Professionalisierung</subfield><subfield code="0">(DE-Frei129)00003349</subfield><subfield code="0">(DE-588)4047376-4</subfield><subfield code="2">gnd</subfield></datafield><datafield tag="650" ind1=" " ind2="7"><subfield code="a">Qualitätssteigerung</subfield><subfield code="0">(DE-Frei129)00065560</subfield><subfield code="0">(DE-588)4176587-4</subfield><subfield code="2">gnd</subfield></datafield><datafield tag="689" ind1="0" ind2="0"><subfield code="0">(DE-588)4073499-7</subfield><subfield code="D">s</subfield><subfield code="a">Kleinkindpädagogik </subfield></datafield><datafield tag="689" ind1="0" ind2="1"><subfield code="0">(DE-588)4047376-4</subfield><subfield code="D">s</subfield><subfield code="a">Professionalisierung</subfield><subfield code="5">DE-101</subfield></datafield><datafield tag="689" ind1="1" ind2="0"><subfield code="0">(DE-588)4073499-7</subfield><subfield code="D">s</subfield><subfield code="a">Kleinkindpädagogik </subfield></datafield><datafield tag="689" ind1="1" ind2="1"><subfield code="0">(DE-588)4176587-4</subfield><subfield code="D">s</subfield><subfield code="a">Qualitätssteigerung</subfield><subfield code="5">DE-101</subfield></datafield><datafield tag="700" ind1="1" ind2=" "><subfield code="0">(DE-588)110509315</subfield><subfield code="0">(DE-Frei129)00003669</subfield><subfield code="a">Beckmann, Klaus J.</subfield><subfield code="4">Hrsg.</subfield></datafield><datafield tag="700" ind1="1" ind2=" "><subfield code="0">(DE-588)171536436</subfield><subfield code="0">(DE-Frei129)58130473</subfield><subfield code="a">Landua, Kerstin</subfield><subfield code="4">Hrsg.</subfield></datafield><datafield tag="700" ind1="1" ind2=" "><subfield code="0">(DE-Frei129)00250035</subfield><subfield code="a">Jessen, Dörte</subfield><subfield code="4">Red.</subfield></datafield><datafield tag="700" ind1="1" ind2=" "><subfield code="0">(DE-588)124823270</subfield><subfield code="0">(DE-Frei129)00200526</subfield><subfield code="a">Diekelmann, Patrick</subfield><subfield code="4">oth</subfield></datafield><datafield tag="710" ind1="2" ind2=" "><subfield code="0">(DE-Frei129)00003211</subfield><subfield code="0">(DE-588)5028175-6</subfield><subfield code="a">Deutsches Institut für Urbanistik</subfield><subfield code="4">oth</subfield></datafield><datafield tag="830" ind1=" " ind2="0"><subfield code="a">Difu-Impulse</subfield><subfield code="v">2010,3</subfield><subfield code="w">(DE-Frei129)00539903</subfield><subfield code="9">42010 13</subfield></datafield><datafield tag="852" ind1=" " ind2=" "><subfield code="a">Frei129</subfield><subfield code="c">Paed G 600: 49</subfield></datafield><datafield tag="856" ind1="4" ind2=" "><subfield code="8">00</subfield><subfield code="u">http://bvbr.bib-bvb.de:8991/F?func=service&amp;doc_library=BVB01&amp;doc_number=020625718&amp;line_number=0001&amp;func_code=DB_RECORDS&amp;service_type=MEDIA</subfield><subfield code="y">Inhaltsverzeichnis</subfield></datafield><datafield tag="980" ind1="0" ind2=" "><subfield code="a">00213071</subfield><subfield code="9">(PHFR)</subfield><subfield code="b">EG-Anbau (32)</subfield><subfield code="c">Paed G 600: 49</subfield><subfield code="d">Standardleihe (01)</subfield><subfield code="e">Verfügbar (X)</subfield></datafield></record>