
<record><leader>01791nam a2200000uuc4500</leader><controlfield tag="001">02329555</controlfield><controlfield tag="003">DE-Frei129</controlfield><controlfield tag="005">20220811084045.0</controlfield><controlfield tag="007">tu</controlfield><controlfield tag="008">100805s2010    |||||||||||||||||||||||||</controlfield><datafield tag="035" ind1=" " ind2=" "><subfield code="a">(DE-576)1397227893</subfield></datafield><datafield tag="245" ind1="1" ind2="0"><subfield code="a">Qualitative research methods in education</subfield><subfield code="n">4</subfield><subfield code="p">Contemporary methods, issues and debates in qualitative research in education : ethics, science, policy and politics</subfield><subfield code="c">ed. by Harry Torrance</subfield></datafield><datafield tag="250" ind1=" " ind2=" "><subfield code="a">1. publ.</subfield></datafield><datafield tag="260" ind1="3" ind2=" "><subfield code="a">London</subfield><subfield code="b">Sage</subfield><subfield code="c">2010</subfield></datafield><datafield tag="300" ind1=" " ind2=" "><subfield code="a">VI, 421  Seiten</subfield></datafield><datafield tag="500" ind1=" " ind2=" "><subfield code="a">5090: ddsu/sred</subfield></datafield><datafield tag="773" ind1="0" ind2="8"><subfield code="w">(DE-Frei129)02327241</subfield><subfield code="q">14</subfield></datafield><datafield tag="852" ind1=" " ind2=" "><subfield code="a">Frei129</subfield><subfield code="c">Paed A 200: 117 ,4</subfield></datafield><datafield tag="980" ind1="0" ind2=" "><subfield code="a">00209801</subfield><subfield code="9">(PHFR)</subfield><subfield code="b">EG-Anbau (32)</subfield><subfield code="c">Paed A 200: 117 ,4</subfield><subfield code="d">Standardleihe (01)</subfield><subfield code="e">Verfügbar (X)</subfield></datafield></record>