
<record><leader>03227nam a2200000uu 4500</leader><controlfield tag="001">02329450</controlfield><controlfield tag="003">DE-Frei129</controlfield><controlfield tag="005">20220811084045.0</controlfield><controlfield tag="007">tu</controlfield><controlfield tag="008">100803s2010    ||||||||||||||||||||ger||</controlfield><datafield tag="015" ind1=" " ind2=" "><subfield code="a">10,A30</subfield></datafield><datafield tag="016" ind1="7" ind2=" "><subfield code="a">993984940</subfield><subfield code="2">DE-101</subfield></datafield><datafield tag="020" ind1=" " ind2=" "><subfield code="a">9783725208616</subfield><subfield code="9">978-3-7252-0861-6</subfield><subfield code="c">kart. : ca. EUR 14.60, ca. sfr 24.80 (freier Pr.)</subfield></datafield><datafield tag="024" ind1="3" ind2=" "><subfield code="a">9783725208616</subfield></datafield><datafield tag="035" ind1=" " ind2=" "><subfield code="a">(DE-576)599811188</subfield></datafield><datafield tag="041" ind1=" " ind2=" "><subfield code="a">ger</subfield></datafield><datafield tag="044" ind1=" " ind2=" "><subfield code="c">XA-CH</subfield></datafield><datafield tag="100" ind1="1" ind2=" "><subfield code="a">Ruedin, Monique</subfield><subfield code="0">(DE-Frei129)00808588</subfield></datafield><datafield tag="245" ind1="1" ind2="0"><subfield code="a">Lernen und weiterleben</subfield><subfield code="b">Begegnungsgeschichten mit schwer kranken Kindern und Jugendlichen in der Schule</subfield><subfield code="c">Monique Ruedin</subfield></datafield><datafield tag="260" ind1="3" ind2=" "><subfield code="a">Luzern</subfield><subfield code="b">Rex-Verl.</subfield><subfield code="c">2010</subfield></datafield><datafield tag="300" ind1=" " ind2=" "><subfield code="a">127  Seiten</subfield><subfield code="b">Ill.</subfield><subfield code="c">22 cm</subfield></datafield><datafield tag="500" ind1=" " ind2=" "><subfield code="a">Literaturangaben</subfield></datafield><datafield tag="500" ind1=" " ind2=" "><subfield code="a">5090: ddsu/sred</subfield></datafield><datafield tag="650" ind1=" " ind2="7"><subfield code="a">Logotherapie</subfield><subfield code="0">(DE-Frei129)00015596</subfield><subfield code="0">(DE-588)4036220-6</subfield><subfield code="2">gnd</subfield></datafield><datafield tag="689" ind1="0" ind2="0"><subfield code="0">(DE-588)4036220-6</subfield><subfield code="D">s</subfield><subfield code="a">Logotherapie</subfield><subfield code="5">DE-101</subfield></datafield><datafield tag="852" ind1=" " ind2=" "><subfield code="a">Frei129</subfield><subfield code="c">Paed T 350: 104</subfield></datafield><datafield tag="856" ind1="4" ind2=" "><subfield code="8">00</subfield><subfield code="u">http://bvbr.bib-bvb.de:8991/F?func=service&amp;doc_library=BVB01&amp;doc_number=020305536&amp;line_number=0001&amp;func_code=DB_RECORDS&amp;service_type=MEDIA</subfield><subfield code="y">Inhaltsverzeichnis</subfield></datafield><datafield tag="980" ind1="0" ind2=" "><subfield code="a">00213302</subfield><subfield code="9">(PHFR)</subfield><subfield code="b">EG-Anbau (32)</subfield><subfield code="c">Paed T 350: 104</subfield><subfield code="d">Standardleihe (01)</subfield><subfield code="e">Verfügbar (X)</subfield></datafield></record>