
<record><leader>05630nam a2200000uu 4500</leader><controlfield tag="001">02329418</controlfield><controlfield tag="003">DE-Frei129</controlfield><controlfield tag="005">20220811084045.0</controlfield><controlfield tag="007">tu</controlfield><controlfield tag="008">100623s2010    ||||||||||||||||||||ger||</controlfield><datafield tag="015" ind1=" " ind2=" "><subfield code="a">10,A30</subfield></datafield><datafield tag="016" ind1="7" ind2=" "><subfield code="a">1003462103</subfield><subfield code="2">DE-101</subfield></datafield><datafield tag="020" ind1=" " ind2=" "><subfield code="a">9783941854147</subfield><subfield code="9">9783941854147</subfield><subfield code="c">kart. : EUR 12.90</subfield></datafield><datafield tag="024" ind1="3" ind2=" "><subfield code="a">9783941854147</subfield></datafield><datafield tag="035" ind1=" " ind2=" "><subfield code="a">(DE-576)629927642</subfield></datafield><datafield tag="041" ind1=" " ind2=" "><subfield code="a">ger</subfield></datafield><datafield tag="044" ind1=" " ind2=" "><subfield code="c">XA-DE-TH</subfield></datafield><datafield tag="100" ind1="1" ind2=" "><subfield code="a">Sauerbrey, Ulf</subfield><subfield code="0">(DE-Frei129)42006150</subfield><subfield code="0">(DE-588)109322276X</subfield></datafield><datafield tag="245" ind1="1" ind2="0"><subfield code="a">ADHS durch Umweltgifte?</subfield><subfield code="b">Schadstoffe in der Kinderumwelt</subfield><subfield code="c">Ulf Sauerbrey</subfield></datafield><datafield tag="260" ind1="3" ind2=" "><subfield code="a">Jena</subfield><subfield code="b">IKS Garamond</subfield><subfield code="c">2010</subfield></datafield><datafield tag="300" ind1=" " ind2=" "><subfield code="a">109 Seiten</subfield><subfield code="c">21 cm</subfield></datafield><datafield tag="490" ind1="0" ind2=" "><subfield code="a">Edition Paideia</subfield></datafield><datafield tag="490" ind1="1" ind2=" "><subfield code="a">Pädagogische Reform - PRe </subfield><subfield code="v">11</subfield></datafield><datafield tag="500" ind1=" " ind2=" "><subfield code="a">Literaturverz. S. 85 - 107</subfield></datafield><datafield tag="500" ind1=" " ind2=" "><subfield code="a">IMD-Felder maschinell generiert (GBV)</subfield></datafield><datafield tag="650" ind1=" " ind2="7"><subfield code="a">Aufmerksamkeitsdefizit-Syndrom</subfield><subfield code="0">(DE-Frei129)00103915</subfield><subfield code="0">(DE-588)4525885-5</subfield><subfield code="2">gnd</subfield></datafield><datafield tag="650" ind1=" " ind2="7"><subfield code="a">Umweltgift</subfield><subfield code="0">(DE-Frei129)00037641</subfield><subfield code="0">(DE-588)4186801-8</subfield><subfield code="2">gnd</subfield></datafield><datafield tag="650" ind1=" " ind2="7"><subfield code="a">Neurotoxizität</subfield><subfield code="0">(DE-Frei129)00175675</subfield><subfield code="0">(DE-588)4123836-9</subfield><subfield code="2">gnd</subfield></datafield><datafield tag="689" ind1="0" ind2="0"><subfield code="0">(DE-588)4525885-5</subfield><subfield code="D">s</subfield><subfield code="a">Aufmerksamkeitsdefizit-Syndrom </subfield></datafield><datafield tag="689" ind1="0" ind2="1"><subfield code="0">(DE-588)4186801-8</subfield><subfield code="D">s</subfield><subfield code="a">Umweltgift </subfield></datafield><datafield tag="689" ind1="0" ind2="2"><subfield code="0">(DE-588)4123836-9</subfield><subfield code="D">s</subfield><subfield code="a">Neurotoxizität</subfield><subfield code="5">DE-101</subfield></datafield><datafield tag="830" ind1=" " ind2="0"><subfield code="a">Pädagogische Reform - PRe</subfield><subfield code="v">11</subfield><subfield code="w">(DE-Frei129)00268902</subfield><subfield code="9">211</subfield></datafield><datafield tag="852" ind1=" " ind2=" "><subfield code="a">Frei129</subfield><subfield code="c">Psy K 320: 241</subfield></datafield><datafield tag="856" ind1="4" ind2=" "><subfield code="8">00</subfield><subfield code="u">http://d-nb.info/1003462103/04</subfield><subfield code="y">Kurzbeschreibung des Verlags</subfield></datafield><datafield tag="856" ind1="4" ind2=" "><subfield code="8">01</subfield><subfield code="u">http://deposit.d-nb.de/cgi-bin/dokserv?id=3491053&amp;prov=M&amp;dok_var=1&amp;dok_ext=htm</subfield><subfield code="y">Verlagsinformation</subfield></datafield><datafield tag="856" ind1="4" ind2=" "><subfield code="8">02</subfield><subfield code="u">http://garamond.iks-jena.de/epages/VerlagGaramond.sf/de_DE/?ObjectPath=/Shops/%22Verlag%20Garamond%22/Products/978-3-941854-14-7</subfield><subfield code="y">Ausführliche Beschreibung</subfield></datafield><datafield tag="856" ind1="4" ind2=" "><subfield code="8">03</subfield><subfield code="u">http://garamond.iks-jena.de/epages/VerlagGaramond.sf/de_DE/?ObjectPath=/Shops/%22Verlag%20Garamond%22/Products/978-3-941854-14-7</subfield><subfield code="y">Verlagsinformation</subfield></datafield><datafield tag="856" ind1="4" ind2=" "><subfield code="8">04</subfield><subfield code="u">http://deposit.d-nb.de/cgi-bin/dokserv?id=3491053&amp;prov=M&amp;dok_var=1&amp;dok_ext=htm</subfield><subfield code="y">Inhaltstext</subfield></datafield><datafield tag="856" ind1="4" ind2=" "><subfield code="8">05</subfield><subfield code="u">http://d-nb.info/1003462103/04</subfield><subfield code="y">Verlagsinformation</subfield></datafield><datafield tag="980" ind1="0" ind2=" "><subfield code="a">00212661</subfield><subfield code="9">(PHFR)</subfield><subfield code="b">EG-Anbau (32)</subfield><subfield code="c">Psy K 320: 241</subfield><subfield code="d">Standardleihe (01)</subfield><subfield code="e">Verfügbar (X)</subfield></datafield></record>