
<record><leader>03663nam a2200000uu 4500</leader><controlfield tag="001">02329282</controlfield><controlfield tag="003">DE-Frei129</controlfield><controlfield tag="005">20220811084045.0</controlfield><controlfield tag="007">tu</controlfield><controlfield tag="008">111005s2010    ||||||||||||||||||||ger||</controlfield><datafield tag="015" ind1=" " ind2=" "><subfield code="a">10,A25</subfield></datafield><datafield tag="016" ind1="7" ind2=" "><subfield code="a">1001104900</subfield><subfield code="2">DE-101</subfield></datafield><datafield tag="020" ind1=" " ind2=" "><subfield code="a">9783060207602</subfield><subfield code="9">9783060207602</subfield><subfield code="c">Pp. : EUR 9.95</subfield></datafield><datafield tag="035" ind1=" " ind2=" "><subfield code="a">(DE-576)669338958</subfield></datafield><datafield tag="041" ind1=" " ind2=" "><subfield code="a">ger</subfield></datafield><datafield tag="044" ind1=" " ind2=" "><subfield code="c">XA-DE</subfield></datafield><datafield tag="245" ind1="1" ind2="4"><subfield code="a">Das große Tafelwerk</subfield><subfield code="b">ein Tabellen- und Formelwerk für den mathematisch-naturwissenschaftlichen Unterricht bis zum Abitur ; [Formelsammlung für die Sekundarstufe I und II]</subfield><subfield code="c">[zsgest. und bearb. von Rüdiger Erbrecht ... ]</subfield></datafield><datafield tag="250" ind1=" " ind2=" "><subfield code="a">1. Aufl., 13. Dr.</subfield></datafield><datafield tag="260" ind1="3" ind2=" "><subfield code="a">Berlin</subfield><subfield code="a">Berlin</subfield><subfield code="b">Cornelsen, Volk-und-Wissen-Verl.</subfield><subfield code="b">Volk und Wissen</subfield><subfield code="c">2010</subfield></datafield><datafield tag="300" ind1=" " ind2=" "><subfield code="a">160 Seiten</subfield><subfield code="b">graph. Darst.</subfield><subfield code="c">27 cm</subfield></datafield><datafield tag="500" ind1=" " ind2=" "><subfield code="a">IMD-Felder maschinell generiert (GBV)</subfield></datafield><datafield tag="650" ind1=" " ind2="7"><subfield code="a">Naturwissenschaftlicher Unterricht</subfield><subfield code="0">(DE-Frei129)00017427</subfield><subfield code="0">(DE-588)4041425-5</subfield><subfield code="2">gnd</subfield></datafield><datafield tag="650" ind1=" " ind2="7"><subfield code="a">Gymnasium</subfield><subfield code="0">(DE-Frei129)00010363</subfield><subfield code="0">(DE-588)4022648-7</subfield><subfield code="2">gnd</subfield></datafield><datafield tag="689" ind1="0" ind2="0"><subfield code="0">(DE-588)4041425-5</subfield><subfield code="D">s</subfield><subfield code="a">Naturwissenschaftlicher Unterricht </subfield></datafield><datafield tag="689" ind1="0" ind2="1"><subfield code="0">(DE-588)4022648-7</subfield><subfield code="D">s</subfield><subfield code="a">Gymnasium</subfield><subfield code="5">DE-101</subfield></datafield><datafield tag="700" ind1="1" ind2=" "><subfield code="0">(DE-Frei129)00114663</subfield><subfield code="a">Erbrecht, Rüdiger</subfield><subfield code="4">oth</subfield></datafield><datafield tag="852" ind1=" " ind2=" "><subfield code="a">Frei129</subfield><subfield code="c">Math N 6: 23</subfield></datafield><datafield tag="856" ind1="4" ind2=" "><subfield code="8">00</subfield><subfield code="u">http://swbplus.bsz-bw.de/bsz326975225cov.htm</subfield><subfield code="y">Cover</subfield></datafield><datafield tag="980" ind1="0" ind2=" "><subfield code="a">00214527</subfield><subfield code="9">(PHFR)</subfield><subfield code="b">UG (33)</subfield><subfield code="c">Math N 6: 23</subfield><subfield code="d">Standardleihe (01)</subfield><subfield code="e">Verfügbar (X)</subfield></datafield></record>