
<record><leader>04569nam a2200000uu 4500</leader><controlfield tag="001">02329269</controlfield><controlfield tag="003">DE-Frei129</controlfield><controlfield tag="005">20220811084045.0</controlfield><controlfield tag="007">tu</controlfield><controlfield tag="008">100730s2010    |||||||||||||||||||||||||</controlfield><datafield tag="020" ind1=" " ind2=" "><subfield code="a">9781606236284</subfield><subfield code="9">9781606236284</subfield><subfield code="c">(hbk.) £41.00</subfield></datafield><datafield tag="020" ind1=" " ind2=" "><subfield code="a">1606236288</subfield><subfield code="9">1606236288</subfield><subfield code="c">(hbk.) £41.00</subfield></datafield><datafield tag="020" ind1=" " ind2=" "><subfield code="a">9781606236277</subfield><subfield code="9">9781606236277</subfield><subfield code="c">(pbk.) £24.00</subfield></datafield><datafield tag="020" ind1=" " ind2=" "><subfield code="a">160623627X</subfield><subfield code="9">160623627X</subfield><subfield code="c">(pbk.) £24.00</subfield></datafield><datafield tag="035" ind1=" " ind2=" "><subfield code="a">(DE-576)1604408936</subfield></datafield><datafield tag="245" ind1="1" ind2="0"><subfield code="a">Putting writing research into practice</subfield><subfield code="b">applications for teacher professional development</subfield><subfield code="c">ed. by Gary A. Troia ...</subfield></datafield><datafield tag="260" ind1="3" ind2=" "><subfield code="a">New York ; London</subfield><subfield code="b">Guilford</subfield><subfield code="c">2010</subfield></datafield><datafield tag="300" ind1=" " ind2=" "><subfield code="a">XII, 317 Seiten</subfield><subfield code="c">23 cm</subfield></datafield><datafield tag="650" ind1=" " ind2="7"><subfield code="a">Rhetoric</subfield><subfield code="0">(DE-Frei129)00239899</subfield><subfield code="2">local</subfield></datafield><datafield tag="650" ind1=" " ind2="7"><subfield code="a">Research</subfield><subfield code="0">(DE-Frei129)00231004</subfield><subfield code="2">local</subfield></datafield><datafield tag="650" ind1=" " ind2="7"><subfield code="a">Congresses</subfield><subfield code="0">(DE-Frei129)00227759</subfield><subfield code="2">local</subfield></datafield><datafield tag="650" ind1=" " ind2="7"><subfield code="a">Composition (Language arts)</subfield><subfield code="0">(DE-Frei129)01798561</subfield><subfield code="2">local</subfield></datafield><datafield tag="650" ind1=" " ind2="7"><subfield code="a">Study and teaching</subfield><subfield code="0">(DE-Frei129)00237273</subfield><subfield code="2">local</subfield></datafield><datafield tag="650" ind1=" " ind2="7"><subfield code="a">Written communication</subfield><subfield code="0">(DE-Frei129)00240896</subfield><subfield code="2">local</subfield></datafield><datafield tag="689" ind1="0" ind2="0"><subfield code="A">s</subfield><subfield code="a">Rhetoric </subfield></datafield><datafield tag="689" ind1="0" ind2="1"><subfield code="A">s</subfield><subfield code="a">Research </subfield></datafield><datafield tag="689" ind1="0" ind2="2"><subfield code="A">s</subfield><subfield code="a">Congresses</subfield><subfield code="5">DE-101</subfield></datafield><datafield tag="689" ind1="1" ind2="0"><subfield code="A">s</subfield><subfield code="a">Composition (Language arts) </subfield></datafield><datafield tag="689" ind1="1" ind2="1"><subfield code="A">s</subfield><subfield code="a">Study and teaching </subfield></datafield><datafield tag="689" ind1="1" ind2="2"><subfield code="A">s</subfield><subfield code="a">Research</subfield><subfield code="5">DE-101</subfield></datafield><datafield tag="689" ind1="2" ind2="0"><subfield code="A">s</subfield><subfield code="a">Written communication </subfield></datafield><datafield tag="689" ind1="2" ind2="1"><subfield code="A">s</subfield><subfield code="a">Research</subfield><subfield code="5">DE-101</subfield></datafield><datafield tag="700" ind1="1" ind2=" "><subfield code="0">(DE-Frei129)00808579</subfield><subfield code="a">Troia, Gary A.</subfield><subfield code="4">oth</subfield></datafield><datafield tag="852" ind1=" " ind2=" "><subfield code="a">Frei 129</subfield><subfield code="b">PHFR</subfield><subfield code="c">HF 336 T845</subfield></datafield><datafield tag="980" ind1="0" ind2=" "><subfield code="a">00334302</subfield><subfield code="9">(PHFR)</subfield><subfield code="b">Handbibliothek (50)</subfield><subfield code="c">Allg E 700: 204</subfield><subfield code="d">Handbibliothek - nie verleihbar (54)</subfield><subfield code="e">Verfügbar (X)</subfield></datafield></record>