
<record><leader>05563nam a2200000uu 4500</leader><controlfield tag="001">02329226</controlfield><controlfield tag="003">DE-Frei129</controlfield><controlfield tag="005">20220811084045.0</controlfield><controlfield tag="007">tu</controlfield><controlfield tag="008">100729s2010    ||||||||||||||||||||ger||</controlfield><datafield tag="015" ind1=" " ind2=" "><subfield code="a">10,N18</subfield></datafield><datafield tag="016" ind1="7" ind2=" "><subfield code="a">1001890477</subfield><subfield code="2">DE-101</subfield></datafield><datafield tag="020" ind1=" " ind2=" "><subfield code="a">9783451323423</subfield><subfield code="9">9783451323423</subfield><subfield code="c">Broschur : EUR 14.95</subfield></datafield><datafield tag="024" ind1="3" ind2=" "><subfield code="a">9783451323423</subfield></datafield><datafield tag="035" ind1=" " ind2=" "><subfield code="a">(DE-576)1604392045</subfield></datafield><datafield tag="040" ind1=" " ind2=" "><subfield code="e">rda</subfield></datafield><datafield tag="041" ind1=" " ind2=" "><subfield code="a">ger</subfield></datafield><datafield tag="044" ind1=" " ind2=" "><subfield code="c">XA-DE-BW</subfield></datafield><datafield tag="245" ind1="1" ind2="0"><subfield code="a">Mit Klara und den Mäusen die Welt entdecken</subfield><subfield code="b">Spielimpulse und Angebote für Kinder unter Drei</subfield><subfield code="c">Ingrid Biermann. Ill. von Katja Jäger</subfield></datafield><datafield tag="264" ind1=" " ind2="4"><subfield code="a">Freiburg im Breisgau</subfield><subfield code="b">Herder</subfield><subfield code="c">2010</subfield></datafield><datafield tag="300" ind1=" " ind2=" "><subfield code="a">128 Seiten</subfield><subfield code="b">Illustrationen</subfield><subfield code="c">230 mm x 168 mm</subfield></datafield><datafield tag="336" ind1=" " ind2=" "><subfield code="a">text</subfield><subfield code="b">txt</subfield><subfield code="2">rdacontent</subfield></datafield><datafield tag="337" ind1=" " ind2=" "><subfield code="a">unmediated</subfield><subfield code="b">n</subfield><subfield code="2">rdamedia</subfield></datafield><datafield tag="338" ind1=" " ind2=" "><subfield code="a">volume</subfield><subfield code="b">nc</subfield><subfield code="2">rdacarrier</subfield></datafield><datafield tag="500" ind1=" " ind2=" "><subfield code="a">Archivierung/Langzeitarchivierung gewährleistet</subfield></datafield><datafield tag="650" ind1=" " ind2="7"><subfield code="a">Natur</subfield><subfield code="0">(DE-Frei129)00017368</subfield><subfield code="0">(DE-588)4041358-5</subfield><subfield code="2">gnd</subfield></datafield><datafield tag="650" ind1=" " ind2="7"><subfield code="a">Kinderspiel</subfield><subfield code="0">(DE-Frei129)00029848</subfield><subfield code="0">(DE-588)4073413-4</subfield><subfield code="2">gnd</subfield></datafield><datafield tag="650" ind1=" " ind2="7"><subfield code="a">Bewegungsspiel</subfield><subfield code="0">(DE-Frei129)00003703</subfield><subfield code="0">(DE-588)4006323-9</subfield><subfield code="2">gnd</subfield></datafield><datafield tag="650" ind1=" " ind2="7"><subfield code="a">Spiellied</subfield><subfield code="0">(DE-Frei129)00061506</subfield><subfield code="0">(DE-588)4297440-9</subfield><subfield code="2">gnd</subfield></datafield><datafield tag="650" ind1=" " ind2="7"><subfield code="a">Kindergarten</subfield><subfield code="0">(DE-Frei129)00013265</subfield><subfield code="0">(DE-588)4030581-8</subfield><subfield code="2">gnd</subfield></datafield><datafield tag="689" ind1="0" ind2="0"><subfield code="0">(DE-588)4041358-5</subfield><subfield code="D">s</subfield><subfield code="a">Natur </subfield></datafield><datafield tag="689" ind1="0" ind2="1"><subfield code="0">(DE-588)4073413-4</subfield><subfield code="D">s</subfield><subfield code="a">Kinderspiel </subfield></datafield><datafield tag="689" ind1="0" ind2="2"><subfield code="0">(DE-588)4006323-9</subfield><subfield code="D">s</subfield><subfield code="a">Bewegungsspiel </subfield></datafield><datafield tag="689" ind1="0" ind2="3"><subfield code="0">(DE-588)4297440-9</subfield><subfield code="D">s</subfield><subfield code="a">Spiellied </subfield></datafield><datafield tag="689" ind1="0" ind2="4"><subfield code="0">(DE-588)4030581-8</subfield><subfield code="D">s</subfield><subfield code="a">Kindergarten</subfield><subfield code="5">DE-101</subfield></datafield><datafield tag="700" ind1="1" ind2=" "><subfield code="0">(DE-588)121003108</subfield><subfield code="0">(DE-Frei129)00005000</subfield><subfield code="a">Biermann, Ingrid</subfield><subfield code="4">oth</subfield></datafield><datafield tag="852" ind1=" " ind2=" "><subfield code="a">Frei129</subfield><subfield code="c">Paed G 680: 106</subfield></datafield><datafield tag="856" ind1="4" ind2=" "><subfield code="8">00</subfield><subfield code="u">http://d-nb.info/1001890477/04</subfield><subfield code="y">Inhaltsverzeichnis</subfield></datafield><datafield tag="980" ind1="0" ind2=" "><subfield code="a">00235420</subfield><subfield code="9">(PHFR)</subfield><subfield code="b">EG-Anbau (32)</subfield><subfield code="c">Paed G 680: 106</subfield><subfield code="d">Standardleihe (01)</subfield><subfield code="e">Verfügbar (X)</subfield></datafield><datafield tag="980" ind1="0" ind2=" "><subfield code="a">00407087</subfield><subfield code="9">(PHFR)</subfield><subfield code="b">EG-Anbau (32)</subfield><subfield code="c">Paed G 680: 106 a</subfield><subfield code="d">Standardleihe (01)</subfield><subfield code="e">Verfügbar (X)</subfield></datafield></record>