
<record><leader>04802nam a2200000uu 4500</leader><controlfield tag="001">02329014</controlfield><controlfield tag="003">DE-Frei129</controlfield><controlfield tag="005">20220811084045.0</controlfield><controlfield tag="007">tu</controlfield><controlfield tag="008">091111s2010    ||||||||||||||||||||ger||</controlfield><datafield tag="015" ind1=" " ind2=" "><subfield code="a">10,A24</subfield></datafield><datafield tag="016" ind1="7" ind2=" "><subfield code="a">997833149</subfield><subfield code="2">DE-101</subfield></datafield><datafield tag="020" ind1=" " ind2=" "><subfield code="a">9783866901667</subfield><subfield code="9">9783866901667</subfield><subfield code="c">Pp. : EUR 39.95 (DE), EUR 41.20 (AT), sfr 69.90 (freier Pr.)</subfield></datafield><datafield tag="024" ind1="3" ind2=" "><subfield code="a">9783866901667</subfield></datafield><datafield tag="035" ind1=" " ind2=" "><subfield code="a">(DE-576)612663531</subfield></datafield><datafield tag="041" ind1=" " ind2=" "><subfield code="a">ger</subfield><subfield code="h">eng</subfield></datafield><datafield tag="044" ind1=" " ind2=" "><subfield code="c">XA-DE-HH</subfield></datafield><datafield tag="245" ind1="1" ind2="0"><subfield code="a">Life</subfield><subfield code="b">außergewöhnliche Überlebensstrategien von Tieren und Pflanzen</subfield><subfield code="c">Martha Holmes und Michael Gunton ... [Übers. aus dem Engl. Ilse Rothfuss]</subfield></datafield><datafield tag="246" ind1="1" ind2="3"><subfield code="a">Life</subfield></datafield><datafield tag="260" ind1="3" ind2=" "><subfield code="a">Hamburg</subfield><subfield code="b">National Geographic</subfield><subfield code="c">2010</subfield></datafield><datafield tag="300" ind1=" " ind2=" "><subfield code="a">309 Seiten</subfield><subfield code="b">überw. Ill</subfield><subfield code="c">27 cm</subfield></datafield><datafield tag="500" ind1=" " ind2=" "><subfield code="a">IMD-Felder maschinell generiert (GBV)</subfield></datafield><datafield tag="650" ind1=" " ind2="7"><subfield code="a">Tiere</subfield><subfield code="0">(DE-Frei129)00004239</subfield><subfield code="0">(DE-588)4060087-7</subfield><subfield code="2">gnd</subfield></datafield><datafield tag="650" ind1=" " ind2="7"><subfield code="a">Überleben</subfield><subfield code="0">(DE-Frei129)00024584</subfield><subfield code="0">(DE-588)4117273-5</subfield><subfield code="2">gnd</subfield></datafield><datafield tag="650" ind1=" " ind2="7"><subfield code="a">Anpassung</subfield><subfield code="0">(DE-Frei129)00000899</subfield><subfield code="0">(DE-588)4128128-7</subfield><subfield code="2">gnd</subfield></datafield><datafield tag="650" ind1=" " ind2="7"><subfield code="a">Pflanzen</subfield><subfield code="0">(DE-Frei129)00008258</subfield><subfield code="0">(DE-588)4045539-7</subfield><subfield code="2">gnd</subfield></datafield><datafield tag="689" ind1="0" ind2="0"><subfield code="0">(DE-588)4060087-7</subfield><subfield code="D">s</subfield><subfield code="a">Tiere </subfield></datafield><datafield tag="689" ind1="0" ind2="1"><subfield code="0">(DE-588)4117273-5</subfield><subfield code="D">s</subfield><subfield code="a">Überleben </subfield></datafield><datafield tag="689" ind1="0" ind2="2"><subfield code="0">(DE-588)4128128-7</subfield><subfield code="D">s</subfield><subfield code="a">Anpassung</subfield><subfield code="5">DE-101</subfield></datafield><datafield tag="689" ind1="1" ind2="0"><subfield code="0">(DE-588)4045539-7</subfield><subfield code="D">s</subfield><subfield code="a">Pflanzen </subfield></datafield><datafield tag="689" ind1="1" ind2="1"><subfield code="0">(DE-588)4117273-5</subfield><subfield code="D">s</subfield><subfield code="a">Überleben </subfield></datafield><datafield tag="689" ind1="1" ind2="2"><subfield code="0">(DE-588)4128128-7</subfield><subfield code="D">s</subfield><subfield code="a">Anpassung</subfield><subfield code="5">DE-101</subfield></datafield><datafield tag="700" ind1="1" ind2=" "><subfield code="0">(DE-588)1150707461</subfield><subfield code="0">(DE-Frei129)01396568</subfield><subfield code="a">Holmes, Martha</subfield><subfield code="4">oth</subfield></datafield><datafield tag="852" ind1=" " ind2=" "><subfield code="a">Frei129</subfield><subfield code="c">Bio B 100: 89</subfield></datafield><datafield tag="856" ind1="4" ind2=" "><subfield code="8">00</subfield><subfield code="u">http://d-nb.info/997833149/04</subfield><subfield code="y">Kurzbeschreibung des Verlags</subfield></datafield><datafield tag="980" ind1="0" ind2=" "><subfield code="a">00214437</subfield><subfield code="9">(PHFR)</subfield><subfield code="b">UG (33)</subfield><subfield code="c">Bio B 100: 89</subfield><subfield code="d">Standardleihe (01)</subfield><subfield code="e">Verfügbar (X)</subfield></datafield></record>