
<record><leader>03872nam a2200000uu 4500</leader><controlfield tag="001">02329011</controlfield><controlfield tag="003">DE-Frei129</controlfield><controlfield tag="005">20220811084045.0</controlfield><controlfield tag="007">tu</controlfield><controlfield tag="008">100414s2010    ||||||||||||||||||||ger||</controlfield><datafield tag="015" ind1=" " ind2=" "><subfield code="a">10,A24</subfield></datafield><datafield tag="016" ind1="7" ind2=" "><subfield code="a">1001352637</subfield><subfield code="2">DE-101</subfield></datafield><datafield tag="020" ind1=" " ind2=" "><subfield code="a">9783881208031</subfield><subfield code="9">9783881208031</subfield><subfield code="c">kart. : EUR 19.80 (DE)</subfield></datafield><datafield tag="024" ind1="3" ind2=" "><subfield code="a">9783881208031</subfield></datafield><datafield tag="035" ind1=" " ind2=" "><subfield code="a">(DE-576)623599295</subfield></datafield><datafield tag="041" ind1=" " ind2=" "><subfield code="a">ger</subfield></datafield><datafield tag="044" ind1=" " ind2=" "><subfield code="c">XA-DE</subfield><subfield code="c">XA-DE-NI</subfield></datafield><datafield tag="245" ind1="1" ind2="0"><subfield code="a">Mathematische Kompetenzen entwickeln und erfassen</subfield><subfield code="b">Festschrift für Werner Walsch zum 80. Geburtstag</subfield><subfield code="c">Herget, Wilfried; Richter, Karin (Hrsg.)</subfield></datafield><datafield tag="260" ind1="3" ind2=" "><subfield code="a">Hildesheim ; Berlin</subfield><subfield code="b">Verl. Franzbecker</subfield><subfield code="c">2010</subfield></datafield><datafield tag="300" ind1=" " ind2=" "><subfield code="a">163 Seiten</subfield><subfield code="b">Ill., graph. Darst.</subfield><subfield code="c">21 cm</subfield></datafield><datafield tag="500" ind1=" " ind2=" "><subfield code="a">Literaturangaben</subfield></datafield><datafield tag="500" ind1=" " ind2=" "><subfield code="a">IMD-Felder maschinell generiert (GBV)</subfield></datafield><datafield tag="650" ind1=" " ind2="7"><subfield code="a">Mathematikunterricht</subfield><subfield code="0">(DE-Frei129)00016130</subfield><subfield code="0">(DE-588)4037949-8</subfield><subfield code="2">gnd</subfield></datafield><datafield tag="689" ind1="0" ind2="0"><subfield code="0">(DE-588)4037949-8</subfield><subfield code="D">s</subfield><subfield code="a">Mathematikunterricht</subfield><subfield code="5">DE-101</subfield></datafield><datafield tag="700" ind1="1" ind2=" "><subfield code="0">(DE-588)120707985</subfield><subfield code="0">(DE-Frei129)00531774</subfield><subfield code="a">Herget, Wilfried</subfield><subfield code="4">Hrsg.</subfield></datafield><datafield tag="700" ind1="1" ind2=" "><subfield code="0">(DE-588)137624980</subfield><subfield code="0">(DE-Frei129)58598735</subfield><subfield code="a">Walsch, Werner</subfield><subfield code="4">hnr</subfield></datafield><datafield tag="700" ind1="1" ind2=" "><subfield code="0">(DE-Frei129)00084310</subfield><subfield code="a">Richter, Karin</subfield><subfield code="4">oth</subfield></datafield><datafield tag="852" ind1=" " ind2=" "><subfield code="a">Frei129</subfield><subfield code="c">Math N 220: 222</subfield></datafield><datafield tag="856" ind1="4" ind2=" "><subfield code="8">00</subfield><subfield code="u">http://d-nb.info/1001352637/04</subfield><subfield code="y">Inhaltsverzeichnis</subfield></datafield><datafield tag="856" ind1="4" ind2=" "><subfield code="8">01</subfield><subfield code="u">https://zbmath.org/?q=an:1205.00085</subfield><subfield code="y">Inhaltstext</subfield></datafield><datafield tag="980" ind1="0" ind2=" "><subfield code="a">00212747</subfield><subfield code="9">(PHFR)</subfield><subfield code="b">UG (33)</subfield><subfield code="c">Math N 220: 222</subfield><subfield code="d">Standardleihe (01)</subfield><subfield code="e">Verfügbar (X)</subfield></datafield></record>