
<record><leader>06432nam a2200000uu 4500</leader><controlfield tag="001">02328989</controlfield><controlfield tag="003">DE-Frei129</controlfield><controlfield tag="005">20220811084045.0</controlfield><controlfield tag="007">tu</controlfield><controlfield tag="008">100415s2010    |||||||||m||||||||||ger||</controlfield><datafield tag="015" ind1=" " ind2=" "><subfield code="a">10,A28</subfield></datafield><datafield tag="016" ind1="7" ind2=" "><subfield code="a">1001388461</subfield><subfield code="2">DE-101</subfield></datafield><datafield tag="020" ind1=" " ind2=" "><subfield code="a">9783631601693</subfield><subfield code="9">9783631601693</subfield><subfield code="c">kart. : EUR 34.80 (DE), EUR 35.80 (AT), sfr 51.00 (freier Pr.)</subfield></datafield><datafield tag="024" ind1="3" ind2=" "><subfield code="a">9783631601693</subfield></datafield><datafield tag="035" ind1=" " ind2=" "><subfield code="a">(DE-576)623782375</subfield></datafield><datafield tag="041" ind1=" " ind2=" "><subfield code="a">ger</subfield></datafield><datafield tag="044" ind1=" " ind2=" "><subfield code="c">XA-DE</subfield><subfield code="c">XA-CH</subfield><subfield code="c">XA-BE</subfield></datafield><datafield tag="100" ind1="1" ind2=" "><subfield code="a">Horstmann, Melanie</subfield><subfield code="0">(DE-Frei129)00812241</subfield><subfield code="0">(DE-588)141273623</subfield></datafield><datafield tag="245" ind1="1" ind2="0"><subfield code="a">Heilpädagogisches Reiten als Entwicklungsförderung für Kinder mit psychomotorischen Auffälligkeiten</subfield><subfield code="b">Ergebnisse einer Interventionsstudie</subfield><subfield code="c">Melanie Horstmann</subfield></datafield><datafield tag="260" ind1="3" ind2=" "><subfield code="a">Frankfurt, M. ; Berlin ; Bern ; Wien [u.a.]</subfield><subfield code="b">Lang</subfield><subfield code="c">2010</subfield></datafield><datafield tag="300" ind1=" " ind2=" "><subfield code="a">X, 196 Seiten</subfield><subfield code="b">Ill., graph. Darst.</subfield><subfield code="c">21 cm</subfield></datafield><datafield tag="490" ind1="1" ind2=" "><subfield code="a">Europäische Hochschulschriften. Reihe 11, Pädagogik </subfield><subfield code="v">1000</subfield></datafield><datafield tag="500" ind1=" " ind2=" "><subfield code="a">Osnabrück</subfield></datafield><datafield tag="500" ind1=" " ind2=" "><subfield code="a">IMD-Felder maschinell generiert (GBV)</subfield></datafield><datafield tag="502" ind1=" " ind2=" "><subfield code="a">Zugl.: Osnabrück, Univ., Diss., 2009</subfield></datafield><datafield tag="650" ind1=" " ind2="7"><subfield code="a">Kind</subfield><subfield code="x">6-9 Jahre</subfield><subfield code="0">(DE-Frei129)00074246</subfield><subfield code="0">(DE-588)4202522-9</subfield><subfield code="2">gnd</subfield></datafield><datafield tag="650" ind1=" " ind2="7"><subfield code="a">Persönlichkeitsentwicklung</subfield><subfield code="0">(DE-Frei129)00031460</subfield><subfield code="0">(DE-588)4075995-7</subfield><subfield code="2">gnd</subfield></datafield><datafield tag="650" ind1=" " ind2="7"><subfield code="a">Psychomotorik</subfield><subfield code="0">(DE-Frei129)00019820</subfield><subfield code="0">(DE-588)4047719-8</subfield><subfield code="2">gnd</subfield></datafield><datafield tag="650" ind1=" " ind2="7"><subfield code="a">Motorische Entwicklung</subfield><subfield code="0">(DE-Frei129)00030813</subfield><subfield code="0">(DE-588)4075004-8</subfield><subfield code="2">gnd</subfield></datafield><datafield tag="650" ind1=" " ind2="7"><subfield code="a">Funktionsstörung</subfield><subfield code="0">(DE-Frei129)00029207</subfield><subfield code="0">(DE-588)4126507-5</subfield><subfield code="2">gnd</subfield></datafield><datafield tag="650" ind1=" " ind2="7"><subfield code="a">Therapeutisches Reiten</subfield><subfield code="0">(DE-Frei129)00024112</subfield><subfield code="0">(DE-588)4059796-9</subfield><subfield code="2">gnd</subfield></datafield><datafield tag="651" ind1=" " ind2="7"><subfield code="a">6-9 Jahre</subfield><subfield code="0">(DE-Frei129)00758590</subfield><subfield code="2">local</subfield></datafield><datafield tag="689" ind1="0" ind2="0"><subfield code="0">(DE-588)4202522-9</subfield><subfield code="D">s</subfield><subfield code="a">Kind / 6-9 Jahre </subfield></datafield><datafield tag="689" ind1="0" ind2="1"><subfield code="A">s</subfield><subfield code="a">6-9 Jahre </subfield></datafield><datafield tag="689" ind1="0" ind2="2"><subfield code="0">(DE-588)4075995-7</subfield><subfield code="D">s</subfield><subfield code="a">Persönlichkeitsentwicklung </subfield></datafield><datafield tag="689" ind1="0" ind2="3"><subfield code="0">(DE-588)4047719-8</subfield><subfield code="D">s</subfield><subfield code="a">Psychomotorik </subfield></datafield><datafield tag="689" ind1="0" ind2="4"><subfield code="0">(DE-588)4075004-8</subfield><subfield code="D">s</subfield><subfield code="a">Motorische Entwicklung </subfield></datafield><datafield tag="689" ind1="0" ind2="5"><subfield code="0">(DE-588)4126507-5</subfield><subfield code="D">s</subfield><subfield code="a">Funktionsstörung </subfield></datafield><datafield tag="689" ind1="0" ind2="6"><subfield code="0">(DE-588)4059796-9</subfield><subfield code="D">s</subfield><subfield code="a">Therapeutisches Reiten</subfield><subfield code="5">DE-101</subfield></datafield><datafield tag="830" ind1=" " ind2="0"><subfield code="a">Europäische Hochschulschriften</subfield><subfield code="v">1000</subfield><subfield code="w">(DE-Frei129)00079848</subfield><subfield code="9">41000</subfield></datafield><datafield tag="852" ind1=" " ind2=" "><subfield code="a">Frei129</subfield><subfield code="c">Psy L 280: 195</subfield></datafield><datafield tag="856" ind1="4" ind2=" "><subfield code="8">00</subfield><subfield code="u">http://d-nb.info/1001388461/04</subfield><subfield code="y">Inhaltsverzeichnis</subfield></datafield><datafield tag="856" ind1="4" ind2=" "><subfield code="8">01</subfield><subfield code="u">http://d-nb.info/1001388461/04</subfield><subfield code="y">Zum Online-Dokument</subfield></datafield><datafield tag="980" ind1="0" ind2=" "><subfield code="a">00213421</subfield><subfield code="9">(PHFR)</subfield><subfield code="b">EG-Anbau (32)</subfield><subfield code="c">Psy L 280: 195</subfield><subfield code="d">Standardleihe (01)</subfield><subfield code="e">Verfügbar (X)</subfield></datafield></record>