
<record><leader>05692nam a2200000uu 4500</leader><controlfield tag="001">02328894</controlfield><controlfield tag="003">DE-Frei129</controlfield><controlfield tag="005">20220811084045.0</controlfield><controlfield tag="007">tu</controlfield><controlfield tag="008">100203s2010    ||||||||||||||||||||ger||</controlfield><datafield tag="015" ind1=" " ind2=" "><subfield code="a">10,N03</subfield></datafield><datafield tag="016" ind1="7" ind2=" "><subfield code="a">999190733</subfield><subfield code="2">DE-101</subfield></datafield><datafield tag="020" ind1=" " ind2=" "><subfield code="a">9783898995405</subfield><subfield code="9">9783898995405</subfield><subfield code="c">PB. : ca. EUR 16.95, ca. sfr 29.50 (freier Pr.)</subfield></datafield><datafield tag="024" ind1="3" ind2=" "><subfield code="a">9783898995405</subfield></datafield><datafield tag="035" ind1=" " ind2=" "><subfield code="a">(DE-576)617902356</subfield></datafield><datafield tag="041" ind1=" " ind2=" "><subfield code="a">ger</subfield></datafield><datafield tag="044" ind1=" " ind2=" "><subfield code="c">XA-DE-NW</subfield><subfield code="c">XE-NZ</subfield><subfield code="c">XB-LB</subfield></datafield><datafield tag="100" ind1="1" ind2=" "><subfield code="a">Ahrendt, Lilli</subfield><subfield code="0">(DE-Frei129)00132521</subfield><subfield code="0">(DE-588)122929020</subfield></datafield><datafield tag="245" ind1="1" ind2="0"><subfield code="a">Schwimmen für Kinder</subfield><subfield code="b">kreatives Wasserspiel und frühes Schwimmenlernen im Alter von 3 - 5 Jahren</subfield><subfield code="c">Lilli Ahrendt</subfield></datafield><datafield tag="250" ind1=" " ind2=" "><subfield code="a">1. Aufl.</subfield></datafield><datafield tag="260" ind1="3" ind2=" "><subfield code="a">Aachen [u.a.]</subfield><subfield code="b">Meyer &amp; Meyer</subfield><subfield code="c">2010</subfield></datafield><datafield tag="300" ind1=" " ind2=" "><subfield code="a">187 Seiten</subfield><subfield code="b">zahlr. Ill.</subfield><subfield code="c">240 mm x 165 mm</subfield></datafield><datafield tag="500" ind1=" " ind2=" "><subfield code="a">Literaturverz. S. 180 - 184</subfield></datafield><datafield tag="500" ind1=" " ind2=" "><subfield code="a">IMD-Felder maschinell generiert (GBV)</subfield></datafield><datafield tag="520" ind1=" " ind2=" "><subfield code="a">36 Übungseinheiten zur spielerischen Wassergewöhnung und zum sicheren Schwimmen, auch als Förderung der allgemeinen Entwicklung und zur Sicherheitserziehung. (Rosemarie Scholand)</subfield></datafield><datafield tag="520" ind1=" " ind2=" "><subfield code="a">Die Autorin ist Hochschullehrerin und hat als Leiterin von Eltern-Kind-Kursen und im Grundschul-Schwimmen vielfältige Erfahrungen gesammelt (vgl. zuletzt &quot;Schwimmen macht Schule&quot;, BA 12/08, und &quot;Säuglingsschwimmen&quot;, 2. Auflage: BA 11/06). Hier geht es um die Fortsetzung ihres Bandes &quot;Kleinkindschwimmen&quot; (BA 11/02), um das spielerische Schwimmenlernen im Kindergartenalter. Ziel ist dabei nicht der perfekte Stil, eher die allgemeine körperliche Entwicklung und Aspekte der Sicherheitserziehung (Regeln einhalten u.a.). Der Praxisteil enthält 36 Übungseinheiten zur Wassergewöhnung, dem Fortbewegen im Wasser und sicheren Schwimmen mit ausführlichen, gut verständlichen Texten und vielen Farbfotos. Der Band wendet sich besonders an Vereinsübungsleiter sowie an unterstützende Eltern und Vorschulerzieher/-innen. Vgl. neben den allgemeinen Lehrbüchern auch: Kathrin Barth: &quot;Ich lerne schwimmen&quot; (BA 9/02, wendet sich direkt an Kinder) und &quot;So lernen Kinder schwimmen&quot; (BA 12/05). (2) (Rosemarie Scholand)</subfield></datafield><datafield tag="650" ind1=" " ind2="7"><subfield code="a">Kleinkinderschwimmen</subfield><subfield code="0">(DE-Frei129)00060831</subfield><subfield code="0">(DE-588)4164146-2</subfield><subfield code="2">gnd</subfield></datafield><datafield tag="650" ind1=" " ind2="7"><subfield code="a">Kind</subfield><subfield code="x">3-5 Jahre</subfield><subfield code="0">(DE-Frei129)00107094</subfield><subfield code="0">(DE-588)4621524-4</subfield><subfield code="2">gnd</subfield></datafield><datafield tag="651" ind1=" " ind2="7"><subfield code="a">3-5 Jahre</subfield><subfield code="0">(DE-Frei129)00759581</subfield><subfield code="2">local</subfield></datafield><datafield tag="689" ind1="0" ind2="0"><subfield code="0">(DE-588)4164146-2</subfield><subfield code="D">s</subfield><subfield code="a">Kleinkinderschwimmen </subfield></datafield><datafield tag="689" ind1="0" ind2="1"><subfield code="0">(DE-588)4621524-4</subfield><subfield code="D">s</subfield><subfield code="a">Kind / 3-5 Jahre </subfield></datafield><datafield tag="689" ind1="0" ind2="2"><subfield code="A">s</subfield><subfield code="a">3-5 Jahre</subfield><subfield code="5">DE-101</subfield></datafield><datafield tag="852" ind1=" " ind2=" "><subfield code="a">Frei129</subfield><subfield code="c">Spo C 620: 133</subfield></datafield><datafield tag="856" ind1="4" ind2=" "><subfield code="8">00</subfield><subfield code="u">http://d-nb.info/999190733/04</subfield><subfield code="y">Inhaltsverzeichnis</subfield></datafield><datafield tag="856" ind1="4" ind2=" "><subfield code="8">01</subfield><subfield code="u">http://d-nb.info/999190733/04</subfield><subfield code="y">Verlagsinformation</subfield></datafield><datafield tag="980" ind1="0" ind2=" "><subfield code="a">00214423</subfield><subfield code="9">(PHFR)</subfield><subfield code="b">UG (33)</subfield><subfield code="c">Spo C 620: 133</subfield><subfield code="d">Standardleihe (01)</subfield><subfield code="e">Verfügbar (X)</subfield></datafield></record>