
<record><leader>02712nam a2200000uu 4500</leader><controlfield tag="001">02328763</controlfield><controlfield tag="003">DE-Frei129</controlfield><controlfield tag="005">20220811084045.0</controlfield><controlfield tag="007">tu</controlfield><controlfield tag="008">100721s2010    ||||||||||||||||||||ger||</controlfield><datafield tag="015" ind1=" " ind2=" "><subfield code="a">10,N21</subfield></datafield><datafield tag="016" ind1="7" ind2=" "><subfield code="a">1002630061</subfield><subfield code="2">DE-101</subfield></datafield><datafield tag="020" ind1=" " ind2=" "><subfield code="a">9783701177066</subfield><subfield code="9">978-3-7011-7706-6</subfield><subfield code="c">GB. : EUR 38.70, EUR 39.90 (AT), sfr 67.70 (freier Pr.)</subfield></datafield><datafield tag="024" ind1="3" ind2=" "><subfield code="a">9783701177066</subfield></datafield><datafield tag="035" ind1=" " ind2=" "><subfield code="a">(DE-576)626849195</subfield></datafield><datafield tag="041" ind1=" " ind2=" "><subfield code="a">ger</subfield></datafield><datafield tag="245" ind1="1" ind2="0"><subfield code="a">TIMSS 2007</subfield><subfield code="b">Mathematik &amp; Naturwissenschaft in der Grundschule; österreichischer Expertenbericht</subfield><subfield code="c">Birgit Suchan  ... (Hrsg.)</subfield></datafield><datafield tag="250" ind1=" " ind2=" "><subfield code="a">1. Aufl.</subfield></datafield><datafield tag="260" ind1="3" ind2=" "><subfield code="a">Graz</subfield><subfield code="b">Leykam</subfield><subfield code="c">2010</subfield></datafield><datafield tag="300" ind1=" " ind2=" "><subfield code="a">267  Seiten</subfield><subfield code="c">270 mm x 210 mm</subfield></datafield><datafield tag="500" ind1=" " ind2=" "><subfield code="a">5090: ddsu/sred</subfield></datafield><datafield tag="700" ind1="1" ind2=" "><subfield code="0">(DE-Frei129)00808072</subfield><subfield code="a">Suchan, Birgit</subfield><subfield code="4">Hrsg.</subfield></datafield><datafield tag="710" ind1="2" ind2=" "><subfield code="0">(DE-Frei129)00016291</subfield><subfield code="0">(DE-588)10365086-6</subfield><subfield code="a">Bundesinstitut für Bildungsforschung, Innovation und Entwicklung des Österreichischen Schulwesens</subfield><subfield code="4">oth</subfield></datafield><datafield tag="852" ind1=" " ind2=" "><subfield code="a">Frei129</subfield><subfield code="c">Paed M 50: 65</subfield></datafield><datafield tag="980" ind1="0" ind2=" "><subfield code="a">00212635</subfield><subfield code="9">(PHFR)</subfield><subfield code="b">EG-Anbau (32)</subfield><subfield code="c">Paed M 50: 65</subfield><subfield code="d">Standardleihe (01)</subfield><subfield code="e">Verfügbar (X)</subfield></datafield></record>