
<record><leader>03130nam a2200000uu 4500</leader><controlfield tag="001">02328751</controlfield><controlfield tag="003">DE-Frei129</controlfield><controlfield tag="005">20220811084045.0</controlfield><controlfield tag="007">tu</controlfield><controlfield tag="008">100714s2010    ||||||||||||||||||||ger||</controlfield><datafield tag="015" ind1=" " ind2=" "><subfield code="a">10,B28</subfield></datafield><datafield tag="016" ind1="7" ind2=" "><subfield code="a">1003906478</subfield><subfield code="2">DE-101</subfield></datafield><datafield tag="020" ind1=" " ind2=" "><subfield code="z">9783938395079</subfield><subfield code="9">978-3-938395-07-9</subfield><subfield code="c">kart. : EUR 6.80</subfield></datafield><datafield tag="035" ind1=" " ind2=" "><subfield code="a">(DE-576)631169806</subfield></datafield><datafield tag="041" ind1=" " ind2=" "><subfield code="a">ger</subfield></datafield><datafield tag="044" ind1=" " ind2=" "><subfield code="c">XA-DE</subfield></datafield><datafield tag="100" ind1="1" ind2=" "><subfield code="a">Kirchschlager-Fassler, Petra</subfield><subfield code="0">(DE-Frei129)00812274</subfield><subfield code="0">(DE-588)141675837</subfield></datafield><datafield tag="245" ind1="1" ind2="0"><subfield code="a">Kaufen macht glücklich!?</subfield><subfield code="b">Ideenbuch zur Kaufsuchtprävention für die Arbeit mit Kindern und Jugendlichen</subfield><subfield code="c">Petra Kirchschlager-Fassler; Andreas Fassler. [Hrsg.: Aktion Jugendschutz, Landesarbeitsstelle Bayern e.V.]</subfield></datafield><datafield tag="260" ind1="3" ind2=" "><subfield code="a">München</subfield><subfield code="b">Aktion Jugendschutz, Landesarbeitsstelle Bayern</subfield><subfield code="c">2010</subfield></datafield><datafield tag="300" ind1=" " ind2=" "><subfield code="a">75 Seiten</subfield><subfield code="b">Ill</subfield><subfield code="c">30 cm</subfield><subfield code="e">1 CD-ROM</subfield></datafield><datafield tag="500" ind1=" " ind2=" "><subfield code="a">Literaturangaben</subfield></datafield><datafield tag="500" ind1=" " ind2=" "><subfield code="a">IMD-Felder maschinell generiert (GBV)</subfield></datafield><datafield tag="500" ind1=" " ind2=" "><subfield code="a">Systemvoraussetzungen der CD-ROM-Beil.: Acrobat Reader;</subfield></datafield><datafield tag="500" ind1=" " ind2=" "><subfield code="a">Systemvoraussetzungen der CD-ROM-Beil.: Acrobat Reader</subfield></datafield><datafield tag="700" ind1="1" ind2=" "><subfield code="0">(DE-588)141675888</subfield><subfield code="0">(DE-Frei129)58570495</subfield><subfield code="a">Fassler, Andreas</subfield><subfield code="4">aut</subfield></datafield><datafield tag="852" ind1=" " ind2=" "><subfield code="a">Frei 129</subfield><subfield code="b">PHFR</subfield><subfield code="c">DS 7140 K58</subfield></datafield><datafield tag="980" ind1="0" ind2=" "><subfield code="a">00213073</subfield><subfield code="9">(PHFR)</subfield><subfield code="b">EG-Anbau (32)</subfield><subfield code="c">DS 7140 K58</subfield><subfield code="d">Standardleihe (01)</subfield><subfield code="e">Verfügbar (X)</subfield></datafield></record>