
<record><leader>04538nam a2200000uu 4500</leader><controlfield tag="001">02328717</controlfield><controlfield tag="003">DE-Frei129</controlfield><controlfield tag="005">20220811084045.0</controlfield><controlfield tag="007">tu</controlfield><controlfield tag="008">100720s2010    |||||||||m||||||||||ger||</controlfield><datafield tag="015" ind1=" " ind2=" "><subfield code="a">10,A21</subfield></datafield><datafield tag="016" ind1="7" ind2=" "><subfield code="a">99932862X</subfield><subfield code="2">DE-101</subfield></datafield><datafield tag="020" ind1=" " ind2=" "><subfield code="a">9783631594629</subfield><subfield code="9">9783631594629</subfield><subfield code="c">kart. : EUR 49.80</subfield></datafield><datafield tag="024" ind1="3" ind2=" "><subfield code="a">9783631594629</subfield></datafield><datafield tag="035" ind1=" " ind2=" "><subfield code="a">(DE-576)1604187395</subfield></datafield><datafield tag="041" ind1=" " ind2=" "><subfield code="a">ger</subfield></datafield><datafield tag="044" ind1=" " ind2=" "><subfield code="c">XA-DE-HE</subfield><subfield code="c">XA-CH</subfield><subfield code="c">XA-AT</subfield></datafield><datafield tag="100" ind1="1" ind2=" "><subfield code="a">Glanninger, Peter</subfield><subfield code="0">(DE-Frei129)00543209</subfield><subfield code="0">(DE-588)139254374</subfield></datafield><datafield tag="245" ind1="1" ind2="0"><subfield code="a">Systemisches E-Learning</subfield><subfield code="b">ein theoretisches Modell für die Gestaltung offener Wissenssysteme</subfield><subfield code="c">Peter Glanninger</subfield></datafield><datafield tag="260" ind1="3" ind2=" "><subfield code="a">Frankfurt, M. ; Berlin ; Bern ; Bruxelles ; New York, NY ; Oxford ; Wien</subfield><subfield code="b">Lang</subfield><subfield code="c">2010</subfield></datafield><datafield tag="300" ind1=" " ind2=" "><subfield code="a">275 Seiten</subfield><subfield code="c">21 cm</subfield></datafield><datafield tag="490" ind1="1" ind2=" "><subfield code="a">Europäische Hochschulschriften. Reihe 40, Kommunikationswissenschaft und Publizistik </subfield><subfield code="v">101</subfield></datafield><datafield tag="500" ind1=" " ind2=" "><subfield code="a">Wien</subfield></datafield><datafield tag="500" ind1=" " ind2=" "><subfield code="a">Archivierung prüfen</subfield></datafield><datafield tag="502" ind1=" " ind2=" "><subfield code="a">Zugl.: Wien, Univ., Diss., 2009</subfield></datafield><datafield tag="650" ind1=" " ind2="7"><subfield code="a">E-Learning</subfield><subfield code="0">(DE-Frei129)00067250</subfield><subfield code="0">(DE-588)4727098-6</subfield><subfield code="2">gnd</subfield></datafield><datafield tag="650" ind1=" " ind2="7"><subfield code="a">Systemtheorie</subfield><subfield code="0">(DE-Frei129)00023749</subfield><subfield code="0">(DE-588)4058812-9</subfield><subfield code="2">gnd</subfield></datafield><datafield tag="650" ind1=" " ind2="7"><subfield code="a">Wissensorganisation</subfield><subfield code="0">(DE-Frei129)00020531</subfield><subfield code="0">(DE-588)4205605-6</subfield><subfield code="2">gnd</subfield></datafield><datafield tag="689" ind1="0" ind2="0"><subfield code="0">(DE-588)4727098-6</subfield><subfield code="D">s</subfield><subfield code="a">E-Learning </subfield></datafield><datafield tag="689" ind1="0" ind2="1"><subfield code="0">(DE-588)4058812-9</subfield><subfield code="D">s</subfield><subfield code="a">Systemtheorie </subfield></datafield><datafield tag="689" ind1="0" ind2="2"><subfield code="0">(DE-588)4205605-6</subfield><subfield code="D">s</subfield><subfield code="a">Wissensorganisation</subfield><subfield code="5">DE-101</subfield></datafield><datafield tag="830" ind1=" " ind2="0"><subfield code="a">Europäische Hochschulschriften</subfield><subfield code="v">101</subfield><subfield code="w">(DE-Frei129)00058237</subfield><subfield code="9">3101</subfield></datafield><datafield tag="852" ind1=" " ind2=" "><subfield code="a">Frei129</subfield><subfield code="c">Paed M 700: 140</subfield></datafield><datafield tag="856" ind1="4" ind2=" "><subfield code="8">00</subfield><subfield code="u">http://d-nb.info/99932862X/04</subfield><subfield code="y">Inhaltsverzeichnis</subfield></datafield><datafield tag="980" ind1="0" ind2=" "><subfield code="a">00212606</subfield><subfield code="9">(PHFR)</subfield><subfield code="b">EG-Anbau (32)</subfield><subfield code="c">Paed M 700: 140</subfield><subfield code="d">Standardleihe (01)</subfield><subfield code="e">Verfügbar (X)</subfield></datafield></record>