
<record><leader>02729nam a2200000uu 4500</leader><controlfield tag="001">02328710</controlfield><controlfield tag="003">DE-Frei129</controlfield><controlfield tag="005">20220811084045.0</controlfield><controlfield tag="007">tu</controlfield><controlfield tag="008">100720s2010    ||||||||||||||||||||eng||</controlfield><datafield tag="020" ind1=" " ind2=" "><subfield code="a">9783150098813</subfield><subfield code="9">9783150098813</subfield></datafield><datafield tag="024" ind1="3" ind2=" "><subfield code="a">9783150098813</subfield></datafield><datafield tag="035" ind1=" " ind2=" "><subfield code="a">(DE-576)1604174692</subfield></datafield><datafield tag="041" ind1=" " ind2=" "><subfield code="a">eng</subfield><subfield code="a">ger</subfield></datafield><datafield tag="044" ind1=" " ind2=" "><subfield code="c">XA-DE-BW</subfield></datafield><datafield tag="100" ind1="1" ind2=" "><subfield code="a">Shakespeare, William</subfield><subfield code="0">(DE-Frei129)00149482</subfield><subfield code="0">(DE-588)118613723</subfield></datafield><datafield tag="245" ind1="1" ind2="0"><subfield code="a">King Richard III</subfield><subfield code="b">englisch/deutsch</subfield><subfield code="c">William Shakespeare. Übers. und hrsg. von Herbert Geisen</subfield></datafield><datafield tag="246" ind1="1" ind2="1"><subfield code="a">König Richard III.</subfield></datafield><datafield tag="250" ind1=" " ind2=" "><subfield code="a">Bibliograph. erg. Ausg. 2010</subfield></datafield><datafield tag="260" ind1="3" ind2=" "><subfield code="a">Stuttgart</subfield><subfield code="b">Reclam</subfield><subfield code="c">2010</subfield></datafield><datafield tag="300" ind1=" " ind2=" "><subfield code="a">320 Seiten</subfield></datafield><datafield tag="490" ind1="0" ind2=" "><subfield code="a">Reclams Universal-Bibliothek </subfield><subfield code="v">Nr. 9881</subfield></datafield><datafield tag="500" ind1=" " ind2=" "><subfield code="a">Archivierung/Langzeitarchivierung gewährleistet</subfield></datafield><datafield tag="700" ind1="1" ind2=" "><subfield code="0">(DE-588)124421962</subfield><subfield code="0">(DE-Frei129)00068055</subfield><subfield code="a">Geisen, Herbert</subfield><subfield code="4">Hrsg.</subfield></datafield><datafield tag="852" ind1=" " ind2=" "><subfield code="a">Frei 129</subfield><subfield code="b">PHFR</subfield><subfield code="c">HI 3280 R511 (N)</subfield></datafield><datafield tag="980" ind1="0" ind2=" "><subfield code="a">00213199</subfield><subfield code="9">(PHFR)</subfield><subfield code="b">2.OG (35)</subfield><subfield code="c">HI 3280 R511 (N)</subfield><subfield code="d">Standardleihe (01)</subfield><subfield code="e">Verfügbar (X)</subfield></datafield></record>