
<record><leader>02782nam a2200000uu 4500</leader><controlfield tag="001">02328707</controlfield><controlfield tag="003">DE-Frei129</controlfield><controlfield tag="005">20220811084045.0</controlfield><controlfield tag="007">tu</controlfield><controlfield tag="008">100720s2010    ||||||||||||||||||||ger||</controlfield><datafield tag="020" ind1=" " ind2=" "><subfield code="a">9783794152001</subfield><subfield code="9">978-3-7941-5200-1</subfield><subfield code="c">Pp. : EUR 13.90, ca. sfr 24.90 (freier Pr.)</subfield></datafield><datafield tag="024" ind1="3" ind2=" "><subfield code="a">9783794152001</subfield></datafield><datafield tag="035" ind1=" " ind2=" "><subfield code="a">(DE-576)1604173866</subfield></datafield><datafield tag="041" ind1=" " ind2=" "><subfield code="a">ger</subfield><subfield code="h">eng</subfield></datafield><datafield tag="044" ind1=" " ind2=" "><subfield code="c">XA-DE-NW</subfield></datafield><datafield tag="245" ind1="1" ind2="0"><subfield code="a">Kopf hoch, Fledermaus!</subfield><subfield code="c">Jeanne Willis und Tony Ross. [Aus dem Engl. von Stephanie Menge]</subfield></datafield><datafield tag="246" ind1="1" ind2="3"><subfield code="a">Daft bat</subfield></datafield><datafield tag="250" ind1=" " ind2=" "><subfield code="a">3. Aufl.</subfield></datafield><datafield tag="260" ind1="3" ind2=" "><subfield code="a">Düsseldorf</subfield><subfield code="b">Sauerländer</subfield><subfield code="c">2010 2010</subfield></datafield><datafield tag="300" ind1=" " ind2=" "><subfield code="a">[13]  Blatt</subfield><subfield code="b">zahlr. Ill.</subfield><subfield code="c">30 cm</subfield></datafield><datafield tag="700" ind1="1" ind2=" "><subfield code="0">(DE-Frei129)00112325</subfield><subfield code="a">Willis, Jeanne</subfield><subfield code="4">oth</subfield></datafield><datafield tag="700" ind1="1" ind2=" "><subfield code="0">(DE-588)123109388</subfield><subfield code="0">(DE-Frei129)00078428</subfield><subfield code="a">Ross, Tony</subfield><subfield code="4">oth</subfield></datafield><datafield tag="700" ind1="1" ind2=" "><subfield code="0">(DE-588)113927754</subfield><subfield code="0">(DE-Frei129)00121652</subfield><subfield code="a">Menge, Stephanie</subfield><subfield code="4">oth</subfield></datafield><datafield tag="852" ind1=" " ind2=" "><subfield code="a">Frei 129</subfield><subfield code="b">PHFR</subfield><subfield code="c">ED 5540 W734 (3)</subfield></datafield><datafield tag="980" ind1="0" ind2=" "><subfield code="a">00334345</subfield><subfield code="9">(PHFR)</subfield><subfield code="b">Handbibliothek (50)</subfield><subfield code="c">JuLi D Ros 3: 4</subfield><subfield code="d">Handbibliothek - nie verleihbar (54)</subfield><subfield code="e">Verfügbar (X)</subfield></datafield></record>