
<record><leader>03472nam a2200000uu 4500</leader><controlfield tag="001">02328399</controlfield><controlfield tag="003">DE-Frei129</controlfield><controlfield tag="005">20220811084045.0</controlfield><controlfield tag="007">tu</controlfield><controlfield tag="008">100709s2010    ||||||||||||||||||||ger||</controlfield><datafield tag="015" ind1=" " ind2=" "><subfield code="a">10,A19</subfield></datafield><datafield tag="016" ind1="7" ind2=" "><subfield code="a">998453374</subfield><subfield code="2">DE-101</subfield></datafield><datafield tag="020" ind1=" " ind2=" "><subfield code="a">9783499626050</subfield><subfield code="9">9783499626050</subfield><subfield code="c">kart. : EUR 8.95 (DE), EUR 9.20 (AT), sfr 16.80 (freier Pr.)</subfield></datafield><datafield tag="024" ind1="3" ind2=" "><subfield code="a">9783499626050</subfield></datafield><datafield tag="035" ind1=" " ind2=" "><subfield code="a">(DE-576)160399906X</subfield></datafield><datafield tag="041" ind1=" " ind2=" "><subfield code="a">ger</subfield></datafield><datafield tag="044" ind1=" " ind2=" "><subfield code="c">XA-DE-SH</subfield></datafield><datafield tag="245" ind1="1" ind2="0"><subfield code="a">Trockene Hosen fangen keine Fische</subfield><subfield code="b">Sprichwörter und Lebensweisheiten aus aller Welt</subfield><subfield code="c">Axel Krohn. Mit Ill. von Susanne Kracht</subfield></datafield><datafield tag="250" ind1=" " ind2=" "><subfield code="a">Orig.-Ausg.</subfield></datafield><datafield tag="260" ind1="3" ind2=" "><subfield code="a">Reinbek bei Hamburg</subfield><subfield code="b">Rowohlt-Taschenbuch-Verl.</subfield><subfield code="c">2010</subfield></datafield><datafield tag="300" ind1=" " ind2=" "><subfield code="a">155 Seiten</subfield><subfield code="b">Ill.</subfield><subfield code="c">19 cm</subfield></datafield><datafield tag="490" ind1="0" ind2=" "><subfield code="a">Rororo </subfield><subfield code="v">62605</subfield></datafield><datafield tag="490" ind1="0" ind2=" "><subfield code="a">$748948-7 </subfield><subfield code="v">62605</subfield></datafield><datafield tag="520" ind1=" " ind2=" "><subfield code="a">Verlagstext: Andere Länder, andere Sprichwörter</subfield></datafield><datafield tag="650" ind1=" " ind2="7"><subfield code="a">Sprichwort</subfield><subfield code="0">(DE-Frei129)00022890</subfield><subfield code="0">(DE-588)4056550-6</subfield><subfield code="2">gnd</subfield></datafield><datafield tag="689" ind1="0" ind2="0"><subfield code="0">(DE-588)4056550-6</subfield><subfield code="D">s</subfield><subfield code="a">Sprichwort</subfield><subfield code="5">DE-101</subfield></datafield><datafield tag="700" ind1="1" ind2=" "><subfield code="0">(DE-Frei129)00785943</subfield><subfield code="a">Krohn, Axel</subfield><subfield code="4">Hrsg.</subfield></datafield><datafield tag="852" ind1=" " ind2=" "><subfield code="a">Frei 129</subfield><subfield code="b">PHFR</subfield><subfield code="c">ED 4355 K93</subfield></datafield><datafield tag="856" ind1="4" ind2=" "><subfield code="8">00</subfield><subfield code="u">http://d-nb.info/998453374/04</subfield><subfield code="y">Inhaltsverzeichnis</subfield></datafield><datafield tag="980" ind1="0" ind2=" "><subfield code="a">00212965</subfield><subfield code="9">(PHFR)</subfield><subfield code="b">2.OG (35)</subfield><subfield code="c">ED 4355 K93</subfield><subfield code="d">Standardleihe (01)</subfield><subfield code="e">Verfügbar (X)</subfield></datafield></record>