
<record><leader>04116nam a2200000uu 4500</leader><controlfield tag="001">02328356</controlfield><controlfield tag="003">DE-Frei129</controlfield><controlfield tag="005">20220811084046.0</controlfield><controlfield tag="007">tu</controlfield><controlfield tag="008">100309s2010    ||||||||||||||||||||ger||</controlfield><datafield tag="015" ind1=" " ind2=" "><subfield code="a">10,A12</subfield></datafield><datafield tag="016" ind1="7" ind2=" "><subfield code="a">1000778347</subfield><subfield code="2">DE-101</subfield></datafield><datafield tag="020" ind1=" " ind2=" "><subfield code="a">9783934385412</subfield><subfield code="9">9783934385412</subfield><subfield code="c">kart. : EUR 19.95 (DE), EUR 20.60 (AT)</subfield></datafield><datafield tag="035" ind1=" " ind2=" "><subfield code="a">(DE-576)620650869</subfield></datafield><datafield tag="041" ind1=" " ind2=" "><subfield code="a">ger</subfield><subfield code="h">eng</subfield></datafield><datafield tag="044" ind1=" " ind2=" "><subfield code="c">XA-DE-HH</subfield><subfield code="c">XA-DE</subfield></datafield><datafield tag="245" ind1="1" ind2="4"><subfield code="a">Der große National Geographic Photoguide</subfield><subfield code="b">Geheimnisse der Profi-Fotografie von National Geographic</subfield><subfield code="c">Peter K. Burian und Robert Caputo</subfield></datafield><datafield tag="246" ind1="1" ind2="0"><subfield code="a">Der grosse National-geographic-Photo-Guide</subfield></datafield><datafield tag="246" ind1="1" ind2="3"><subfield code="a">Nebent.: Der grosse National-geographic-Photo-Guide</subfield></datafield><datafield tag="246" ind1="1" ind2="3"><subfield code="a">National Geographic Photography field guide</subfield></datafield><datafield tag="250" ind1=" " ind2=" "><subfield code="a">Dt. Ausg., 7. Aufl.</subfield></datafield><datafield tag="260" ind1="3" ind2=" "><subfield code="a">Hamburg</subfield><subfield code="b">National Geographic Deutschland (G+J/RBA)</subfield><subfield code="c">2010</subfield></datafield><datafield tag="300" ind1=" " ind2=" "><subfield code="a">367 Seiten</subfield><subfield code="b">zahlr. Ill.</subfield><subfield code="c">22 cm</subfield></datafield><datafield tag="490" ind1="0" ind2=" "><subfield code="a">National Geographic</subfield></datafield><datafield tag="500" ind1=" " ind2=" "><subfield code="a">IMD-Felder maschinell generiert (GBV)</subfield></datafield><datafield tag="650" ind1=" " ind2="7"><subfield code="a">Fotografie</subfield><subfield code="0">(DE-Frei129)00000932</subfield><subfield code="0">(DE-588)4045895-7</subfield><subfield code="2">gnd</subfield></datafield><datafield tag="689" ind1="0" ind2="0"><subfield code="0">(DE-588)4045895-7</subfield><subfield code="D">s</subfield><subfield code="a">Fotografie</subfield><subfield code="5">DE-101</subfield></datafield><datafield tag="700" ind1="1" ind2=" "><subfield code="0">(DE-Frei129)00270430</subfield><subfield code="a">Burian, Peter K.</subfield><subfield code="4">oth</subfield></datafield><datafield tag="700" ind1="1" ind2=" "><subfield code="0">(DE-588)128677635</subfield><subfield code="0">(DE-Frei129)58598685</subfield><subfield code="a">Caputo, Robert</subfield><subfield code="4">oth</subfield></datafield><datafield tag="852" ind1=" " ind2=" "><subfield code="a">Frei 129</subfield><subfield code="b">PHFR</subfield><subfield code="c">AP 96500 B958 (7)</subfield></datafield><datafield tag="856" ind1="4" ind2=" "><subfield code="8">00</subfield><subfield code="u">http://www.gbv.de/dms/faz-rez/FTUM200202261312509_15.pdf</subfield><subfield code="y">Rezension</subfield></datafield><datafield tag="856" ind1="4" ind2=" "><subfield code="8">01</subfield><subfield code="u">http://d-nb.info/1000778347/04</subfield><subfield code="y">Verlagsinformation</subfield></datafield><datafield tag="980" ind1="0" ind2=" "><subfield code="a">00216716</subfield><subfield code="9">(PHFR)</subfield><subfield code="b">UG (33)</subfield><subfield code="c">AP 96500 B958 (7)</subfield><subfield code="d">Standardleihe (01)</subfield><subfield code="e">Verfügbar (X)</subfield></datafield></record>