
<record><leader>02679nam a2200000uu 4500</leader><controlfield tag="001">02328339</controlfield><controlfield tag="003">DE-Frei129</controlfield><controlfield tag="005">20220811084046.0</controlfield><controlfield tag="007">tu</controlfield><controlfield tag="008">100708s2010    ||||||||||||||||||||ger||</controlfield><datafield tag="015" ind1=" " ind2=" "><subfield code="a">00,A16,1249</subfield></datafield><datafield tag="016" ind1="7" ind2=" "><subfield code="a">95860598X</subfield><subfield code="2">DE-101</subfield></datafield><datafield tag="020" ind1=" " ind2=" "><subfield code="a">9783485008419</subfield><subfield code="9">9783485008419</subfield></datafield><datafield tag="020" ind1=" " ind2=" "><subfield code="a">3485008419</subfield><subfield code="9">3485008419</subfield></datafield><datafield tag="035" ind1=" " ind2=" "><subfield code="a">(DE-576)1603974520</subfield></datafield><datafield tag="041" ind1=" " ind2=" "><subfield code="a">ger</subfield></datafield><datafield tag="100" ind1="1" ind2=" "><subfield code="a">Zaruba, Barbara</subfield><subfield code="0">(DE-Frei129)00811232</subfield><subfield code="0">(DE-588)121868575</subfield></datafield><datafield tag="245" ind1="1" ind2="0"><subfield code="a">Diagnose MS</subfield><subfield code="b">wie ich meine Hoffnung wiederfand</subfield><subfield code="c">Barbara Zaruba</subfield></datafield><datafield tag="250" ind1=" " ind2=" "><subfield code="a">4. Aufl.</subfield></datafield><datafield tag="260" ind1="3" ind2=" "><subfield code="a">München</subfield><subfield code="b">Nymphenburger</subfield><subfield code="c">2010</subfield></datafield><datafield tag="300" ind1=" " ind2=" "><subfield code="a">238 Seiten</subfield><subfield code="b">graph. Darst.</subfield></datafield><datafield tag="650" ind1=" " ind2="7"><subfield code="a">Multiple Sklerose</subfield><subfield code="0">(DE-Frei129)00017083</subfield><subfield code="0">(DE-588)4040693-3</subfield><subfield code="2">gnd</subfield></datafield><datafield tag="689" ind1="0" ind2="0"><subfield code="0">(DE-588)4040693-3</subfield><subfield code="D">s</subfield><subfield code="a">Multiple Sklerose</subfield><subfield code="5">DE-101</subfield></datafield><datafield tag="852" ind1=" " ind2=" "><subfield code="a">Frei129</subfield><subfield code="c">Bio E 630: 243</subfield></datafield><datafield tag="980" ind1="0" ind2=" "><subfield code="a">00334369</subfield><subfield code="9">(PHFR)</subfield><subfield code="b">Handbibliothek (50)</subfield><subfield code="c">Bio E 630: 243</subfield><subfield code="d">Handbibliothek - nie verleihbar (54)</subfield><subfield code="e">Verfügbar (X)</subfield></datafield></record>