
<record><leader>09687nam a2200000uu 4500</leader><controlfield tag="001">02328234</controlfield><controlfield tag="003">DE-Frei129</controlfield><controlfield tag="005">20220811084046.0</controlfield><controlfield tag="007">tu</controlfield><controlfield tag="008">100428s2010    ||||||||||||||||||||ger||</controlfield><datafield tag="016" ind1="7" ind2=" "><subfield code="a">1001706048</subfield><subfield code="2">DE-101</subfield></datafield><datafield tag="020" ind1=" " ind2=" "><subfield code="a">9783643501530</subfield><subfield code="9">9783643501530</subfield><subfield code="c">PB. : EUR 24.90, sfr 39.90 (freier Pr.)</subfield></datafield><datafield tag="020" ind1=" " ind2=" "><subfield code="a">3643501536</subfield><subfield code="9">3643501536</subfield><subfield code="c">(pbk.) No price</subfield></datafield><datafield tag="035" ind1=" " ind2=" "><subfield code="a">(DE-576)62486751X</subfield></datafield><datafield tag="041" ind1=" " ind2=" "><subfield code="a">ger</subfield><subfield code="a">eng</subfield></datafield><datafield tag="044" ind1=" " ind2=" "><subfield code="c">XA-AT</subfield><subfield code="c">XA-DE</subfield></datafield><datafield tag="245" ind1="1" ind2="0"><subfield code="a">New pathways in the professional development of teachers</subfield><subfield code="b">[conference..., which was held at Faculty of Education, Masaryk University Brno, Czech Republic in June 2010]</subfield><subfield code="c">Hrsg. Tomás Janík; Hrsg. Petr Knecht</subfield></datafield><datafield tag="246" ind1="1" ind2="0"><subfield code="a">Neue Wege in der Professionalisierung von Lehrer/-inne/-n</subfield></datafield><datafield tag="246" ind1="1" ind2="1"><subfield code="a">Neue Wege in der Professionalisierung von Lehrer/-inne/-n</subfield></datafield><datafield tag="250" ind1=" " ind2=" "><subfield code="a">1., Aufl.</subfield></datafield><datafield tag="260" ind1="3" ind2=" "><subfield code="a">Wien [u.a.]</subfield><subfield code="b">LIT-Verl</subfield><subfield code="c">2010</subfield></datafield><datafield tag="300" ind1=" " ind2=" "><subfield code="a">334 Seiten</subfield><subfield code="b">Ill., graph. Darst.</subfield><subfield code="c">210 mm x 147 mm</subfield></datafield><datafield tag="490" ind1="1" ind2=" "><subfield code="a">Austria: Forschung und Wissenschaft / Erziehungswissenschaft </subfield><subfield code="v">7</subfield></datafield><datafield tag="500" ind1=" " ind2=" "><subfield code="a">Text teilw. in dt., teilw. in engl.</subfield></datafield><datafield tag="500" ind1=" " ind2=" "><subfield code="a">Beitr. teilw. engl., teilw. dt.</subfield></datafield><datafield tag="500" ind1=" " ind2=" "><subfield code="a">IMD-Felder maschinell generiert (GBV)</subfield></datafield><datafield tag="650" ind1=" " ind2="7"><subfield code="a">Professionalisierung</subfield><subfield code="0">(DE-Frei129)00003349</subfield><subfield code="0">(DE-588)4047376-4</subfield><subfield code="2">gnd</subfield></datafield><datafield tag="650" ind1=" " ind2="7"><subfield code="a">Lehrer</subfield><subfield code="0">(DE-Frei129)00005864</subfield><subfield code="0">(DE-588)4035088-5</subfield><subfield code="2">gnd</subfield></datafield><datafield tag="650" ind1=" " ind2="7"><subfield code="a">Ausbildung</subfield><subfield code="0">(DE-Frei129)00003353</subfield><subfield code="0">(DE-588)4112628-2</subfield><subfield code="2">gnd</subfield></datafield><datafield tag="650" ind1=" " ind2="7"><subfield code="a">Weiterbildung</subfield><subfield code="0">(DE-Frei129)00003379</subfield><subfield code="0">(DE-588)4117622-4</subfield><subfield code="2">gnd</subfield></datafield><datafield tag="650" ind1=" " ind2="7"><subfield code="a">Methode</subfield><subfield code="0">(DE-Frei129)00016504</subfield><subfield code="0">(DE-588)4038971-6</subfield><subfield code="2">gnd</subfield></datafield><datafield tag="650" ind1=" " ind2="7"><subfield code="a">Lehrerbildung</subfield><subfield code="0">(DE-Frei129)00015166</subfield><subfield code="0">(DE-588)4035093-9</subfield><subfield code="2">gnd</subfield></datafield><datafield tag="650" ind1=" " ind2="7"><subfield code="a">Teachers</subfield><subfield code="0">(DE-Frei129)00243323</subfield><subfield code="2">local</subfield></datafield><datafield tag="650" ind1=" " ind2="7"><subfield code="a">Training of</subfield><subfield code="0">(DE-Frei129)00240949</subfield><subfield code="2">local</subfield></datafield><datafield tag="650" ind1=" " ind2="7"><subfield code="a">Europe</subfield><subfield code="0">(DE-Frei129)00235118</subfield><subfield code="2">local</subfield></datafield><datafield tag="650" ind1=" " ind2="7"><subfield code="a">Congresses</subfield><subfield code="0">(DE-Frei129)00227759</subfield><subfield code="2">local</subfield></datafield><datafield tag="650" ind1=" " ind2="7"><subfield code="a">Teaching</subfield><subfield code="0">(DE-Frei129)00241079</subfield><subfield code="2">local</subfield></datafield><datafield tag="650" ind1=" " ind2="7"><subfield code="a">Vocational guidance</subfield><subfield code="0">(DE-Frei129)00239291</subfield><subfield code="2">local</subfield></datafield><datafield tag="651" ind1=" " ind2="7"><subfield code="a">Europa</subfield><subfield code="0">(DE-Frei129)00007416</subfield><subfield code="0">(DE-588)4015701-5</subfield><subfield code="2">gnd</subfield></datafield><datafield tag="689" ind1="0" ind2="0"><subfield code="0">(DE-588)4015701-5</subfield><subfield code="D">g</subfield><subfield code="a">Europa </subfield></datafield><datafield tag="689" ind1="0" ind2="1"><subfield code="0">(DE-588)4047376-4</subfield><subfield code="D">s</subfield><subfield code="a">Professionalisierung </subfield></datafield><datafield tag="689" ind1="0" ind2="2"><subfield code="0">(DE-588)4035088-5</subfield><subfield code="D">s</subfield><subfield code="a">Lehrer </subfield></datafield><datafield tag="689" ind1="0" ind2="3"><subfield code="0">(DE-588)4112628-2</subfield><subfield code="D">s</subfield><subfield code="a">Ausbildung </subfield></datafield><datafield tag="689" ind1="0" ind2="4"><subfield code="0">(DE-588)4117622-4</subfield><subfield code="D">s</subfield><subfield code="a">Weiterbildung </subfield></datafield><datafield tag="689" ind1="0" ind2="5"><subfield code="0">(DE-588)4038971-6</subfield><subfield code="D">s</subfield><subfield code="a">Methode</subfield><subfield code="5">DE-101</subfield></datafield><datafield tag="689" ind1="1" ind2="0"><subfield code="0">(DE-588)4035093-9</subfield><subfield code="D">s</subfield><subfield code="a">Lehrerbildung</subfield><subfield code="5">DE-101</subfield></datafield><datafield tag="689" ind1="2" ind2="0"><subfield code="A">s</subfield><subfield code="a">Teachers </subfield></datafield><datafield tag="689" ind1="2" ind2="1"><subfield code="A">s</subfield><subfield code="a">Training of </subfield></datafield><datafield tag="689" ind1="2" ind2="2"><subfield code="A">s</subfield><subfield code="a">Europe </subfield></datafield><datafield tag="689" ind1="2" ind2="3"><subfield code="A">s</subfield><subfield code="a">Congresses</subfield><subfield code="5">DE-101</subfield></datafield><datafield tag="689" ind1="3" ind2="0"><subfield code="A">s</subfield><subfield code="a">Teaching </subfield></datafield><datafield tag="689" ind1="3" ind2="1"><subfield code="A">s</subfield><subfield code="a">Vocational guidance </subfield></datafield><datafield tag="689" ind1="3" ind2="2"><subfield code="A">s</subfield><subfield code="a">Europe </subfield></datafield><datafield tag="689" ind1="3" ind2="3"><subfield code="A">s</subfield><subfield code="a">Congresses</subfield><subfield code="5">DE-101</subfield></datafield><datafield tag="700" ind1="1" ind2=" "><subfield code="0">(DE-Frei129)26004089</subfield><subfield code="a">Janík, Tomáš</subfield><subfield code="4">Hrsg.</subfield></datafield><datafield tag="700" ind1="1" ind2=" "><subfield code="0">(DE-588)106313403X</subfield><subfield code="0">(DE-Frei129)26005710</subfield><subfield code="a">Knecht, Petr</subfield><subfield code="4">Hrsg.</subfield></datafield><datafield tag="830" ind1=" " ind2="0"><subfield code="a">Austria: Forschung und Wissenschaft</subfield><subfield code="v">7</subfield><subfield code="w">(DE-Frei129)00286320</subfield><subfield code="9">17</subfield></datafield><datafield tag="852" ind1=" " ind2=" "><subfield code="a">Frei129</subfield><subfield code="c">Paed S 890: 41</subfield></datafield><datafield tag="856" ind1="4" ind2=" "><subfield code="8">00</subfield><subfield code="u">http://library.mpib-berlin.mpg.de/toc/z2010_1390.pdf</subfield><subfield code="y">Inhaltsverzeichnis</subfield></datafield><datafield tag="856" ind1="4" ind2=" "><subfield code="8">01</subfield><subfield code="u">http://d-nb.info/1001706048/04</subfield><subfield code="y">Kurzbeschreibung des Verlags</subfield></datafield><datafield tag="856" ind1="4" ind2=" "><subfield code="8">02</subfield><subfield code="u">http://deposit.d-nb.de/cgi-bin/dokserv?id=3457664&amp;prov=M&amp;dok_var=1&amp;dok_ext=htm</subfield><subfield code="y">Kurzbeschreibung des Verlags</subfield></datafield><datafield tag="856" ind1="4" ind2=" "><subfield code="8">03</subfield><subfield code="u">http://deposit.d-nb.de/cgi-bin/dokserv?id=3457664&amp;prov=M&amp;dok_var=1&amp;dok_ext=htm</subfield><subfield code="y">Kurzbeschreibung des Verlags</subfield></datafield><datafield tag="980" ind1="0" ind2=" "><subfield code="a">00212578</subfield><subfield code="9">(PHFR)</subfield><subfield code="b">EG-Anbau (32)</subfield><subfield code="c">Paed S 890: 41</subfield><subfield code="d">Standardleihe (01)</subfield><subfield code="e">Verfügbar (X)</subfield></datafield></record>