
<record><leader>04061nam a2200000uu 4500</leader><controlfield tag="001">02328219</controlfield><controlfield tag="003">DE-Frei129</controlfield><controlfield tag="005">20220811084046.0</controlfield><controlfield tag="007">tu</controlfield><controlfield tag="008">100422s2010    ||||||||||||||||||||ger||</controlfield><datafield tag="015" ind1=" " ind2=" "><subfield code="a">10,A16</subfield></datafield><datafield tag="016" ind1="7" ind2=" "><subfield code="a">1001330129</subfield><subfield code="2">DE-101</subfield></datafield><datafield tag="020" ind1=" " ind2=" "><subfield code="a">9783870730550</subfield><subfield code="9">9783870730550</subfield><subfield code="c">spiralgeh. : EUR 11.95</subfield></datafield><datafield tag="035" ind1=" " ind2=" "><subfield code="a">(DE-576)624474054</subfield></datafield><datafield tag="041" ind1=" " ind2=" "><subfield code="a">ger</subfield></datafield><datafield tag="044" ind1=" " ind2=" "><subfield code="c">XA-DE</subfield></datafield><datafield tag="100" ind1="1" ind2=" "><subfield code="a">Smolik, Christian</subfield><subfield code="0">(DE-Frei129)00255547</subfield><subfield code="0">(DE-588)134220617</subfield></datafield><datafield tag="245" ind1="1" ind2="4"><subfield code="a">Das neue Fahrrad-Reparaturbuch</subfield><subfield code="b">Anleitungen und Tipps</subfield><subfield code="c">Christian Smolik/Stefan Etzel</subfield></datafield><datafield tag="250" ind1=" " ind2=" "><subfield code="a">9., überarb. Aufl.</subfield></datafield><datafield tag="260" ind1="3" ind2=" "><subfield code="a">Bielefeld</subfield><subfield code="b">BVA, Bielefelder Verl.</subfield><subfield code="c">2010</subfield></datafield><datafield tag="300" ind1=" " ind2=" "><subfield code="a">111 Seiten</subfield><subfield code="b">Ill</subfield><subfield code="c">19 cm</subfield></datafield><datafield tag="500" ind1=" " ind2=" "><subfield code="a">Spiralbindung</subfield></datafield><datafield tag="500" ind1=" " ind2=" "><subfield code="a">IMD-Felder maschinell generiert (GBV)</subfield></datafield><datafield tag="520" ind1=" " ind2=" "><subfield code="a">Verlagstext: Dieser neuartige Ratgeber ist der ideale Pannenhelfer - unentbehrlich für eine Radreise. Anschaulich und leicht verständlich, praktisch in der Handhabung; treffende Bilder statt vieler Worte</subfield></datafield><datafield tag="650" ind1=" " ind2="7"><subfield code="a">Fahrrad</subfield><subfield code="0">(DE-Frei129)00007764</subfield><subfield code="0">(DE-588)4016297-7</subfield><subfield code="2">gnd</subfield></datafield><datafield tag="650" ind1=" " ind2="7"><subfield code="a">Reparatur</subfield><subfield code="0">(DE-Frei129)00011997</subfield><subfield code="0">(DE-588)4115746-1</subfield><subfield code="2">gnd</subfield></datafield><datafield tag="689" ind1="0" ind2="0"><subfield code="0">(DE-588)4016297-7</subfield><subfield code="D">s</subfield><subfield code="a">Fahrrad </subfield></datafield><datafield tag="689" ind1="0" ind2="1"><subfield code="0">(DE-588)4115746-1</subfield><subfield code="D">s</subfield><subfield code="a">Reparatur</subfield><subfield code="5">DE-101</subfield></datafield><datafield tag="700" ind1="1" ind2=" "><subfield code="0">(DE-588)115683011</subfield><subfield code="0">(DE-Frei129)00014333</subfield><subfield code="a">Etzel, Stefan</subfield><subfield code="4">aut</subfield></datafield><datafield tag="852" ind1=" " ind2=" "><subfield code="a">Frei 129</subfield><subfield code="b">PHFR</subfield><subfield code="c">ZO 4340 S666 (9)</subfield></datafield><datafield tag="856" ind1="4" ind2=" "><subfield code="8">00</subfield><subfield code="u">http://www.gbv.de/dms/faz-rez/FTECHMO19990907150526_15.pdf</subfield><subfield code="y">Rezension</subfield></datafield><datafield tag="980" ind1="0" ind2=" "><subfield code="a">00209707</subfield><subfield code="9">(PHFR)</subfield><subfield code="b">UG (33)</subfield><subfield code="c">ZO 4340 S666 (9)</subfield><subfield code="d">Standardleihe (01)</subfield><subfield code="e">Verfügbar (X)</subfield></datafield></record>