
<record><leader>01982nam a2200000uu 4500</leader><controlfield tag="001">02328217</controlfield><controlfield tag="003">DE-Frei129</controlfield><controlfield tag="005">20220811084046.0</controlfield><controlfield tag="007">tu</controlfield><controlfield tag="008">100706s2010    ||||||||||||||||||||eng||</controlfield><datafield tag="020" ind1=" " ind2=" "><subfield code="a">9780911696691</subfield><subfield code="9">978-0-911696-69-1</subfield></datafield><datafield tag="035" ind1=" " ind2=" "><subfield code="a">(DE-576)160394270X</subfield></datafield><datafield tag="041" ind1=" " ind2=" "><subfield code="a">eng</subfield></datafield><datafield tag="100" ind1="1" ind2=" "><subfield code="a">Chen, Helen L.</subfield><subfield code="0">(DE-Frei129)00808553</subfield></datafield><datafield tag="245" ind1="1" ind2="0"><subfield code="a">Electronic portfolios and student success</subfield><subfield code="b">effectiveness, efficiency, and learning</subfield><subfield code="c">by Helen L. Chen and Tracy Penny Light</subfield></datafield><datafield tag="260" ind1="3" ind2=" "><subfield code="a">Washington</subfield><subfield code="b">Association of American Colleges</subfield><subfield code="c">2010</subfield></datafield><datafield tag="300" ind1=" " ind2=" "><subfield code="a">XII, 44  Seiten</subfield></datafield><datafield tag="700" ind1="1" ind2=" "><subfield code="0">(DE-Frei129)00808554</subfield><subfield code="a">Light, Tracy Penny</subfield><subfield code="4">aut</subfield></datafield><datafield tag="852" ind1=" " ind2=" "><subfield code="a">Frei129</subfield><subfield code="c">Paed H 670: 10</subfield></datafield><datafield tag="980" ind1="0" ind2=" "><subfield code="a">00334376</subfield><subfield code="9">(PHFR)</subfield><subfield code="b">Handbibliothek (50)</subfield><subfield code="c">Paed H 670: 10</subfield><subfield code="d">Handbibliothek - nie verleihbar (54)</subfield><subfield code="e">Verfügbar (X)</subfield></datafield></record>