
<record><leader>06890nam a2200000uu 4500</leader><controlfield tag="001">02328216</controlfield><controlfield tag="003">DE-Frei129</controlfield><controlfield tag="005">20220811084046.0</controlfield><controlfield tag="007">tu</controlfield><controlfield tag="008">100510s2010    ||||||||||||||||||||eng||</controlfield><datafield tag="020" ind1=" " ind2=" "><subfield code="a">9780415396059</subfield><subfield code="9">9780415396059</subfield><subfield code="c">pbk.</subfield></datafield><datafield tag="020" ind1=" " ind2=" "><subfield code="a">0415396050</subfield><subfield code="9">0415396050</subfield><subfield code="c">pbk.</subfield></datafield><datafield tag="020" ind1=" " ind2=" "><subfield code="a">9780415396042</subfield><subfield code="9">9780415396042</subfield></datafield><datafield tag="020" ind1=" " ind2=" "><subfield code="a">0415396042</subfield><subfield code="9">0415396042</subfield></datafield><datafield tag="024" ind1="3" ind2=" "><subfield code="a">9780415396059</subfield></datafield><datafield tag="035" ind1=" " ind2=" "><subfield code="a">(DE-576)625823583</subfield></datafield><datafield tag="041" ind1=" " ind2=" "><subfield code="a">eng</subfield></datafield><datafield tag="044" ind1=" " ind2=" "><subfield code="c">XA-GB</subfield><subfield code="c">XD-US</subfield></datafield><datafield tag="100" ind1="1" ind2=" "><subfield code="a">Hammersley, Martyn</subfield><subfield code="0">(DE-Frei129)00176230</subfield><subfield code="0">(DE-588)133422054</subfield></datafield><datafield tag="245" ind1="1" ind2="0"><subfield code="a">Ethnography</subfield><subfield code="b">principles in practice</subfield><subfield code="c">Martyn Hammersley and Paul Atkinson</subfield></datafield><datafield tag="250" ind1=" " ind2=" "><subfield code="a">3. ed., reprinted</subfield></datafield><datafield tag="260" ind1="3" ind2=" "><subfield code="a">London [u.a.]</subfield><subfield code="b">Taylor &amp; Francis Ltd</subfield><subfield code="c">2010</subfield></datafield><datafield tag="300" ind1=" " ind2=" "><subfield code="a">XI, 275 Seiten</subfield></datafield><datafield tag="490" ind1="0" ind2=" "><subfield code="a">An Informa business</subfield></datafield><datafield tag="500" ind1=" " ind2=" "><subfield code="a">IMD-Felder maschinell generiert (GBV)</subfield></datafield><datafield tag="500" ind1=" " ind2=" "><subfield code="a">Archivierung prüfen</subfield></datafield><datafield tag="501" ind1=" " ind2=" "><subfield code="a">What is ethnography? -- Research design : problems, cases, and samples -- Access -- Field relations -- Oral accounts and the role of interviewing -- Documents and other artefacts, real and virtual -- Recording and organizing data -- The process of analysis -- Writing ethnography -- Ethics</subfield></datafield><datafield tag="650" ind1=" " ind2="7"><subfield code="a">Ethnology</subfield><subfield code="x">Field work</subfield><subfield code="0">(DE-Frei129)01815974</subfield><subfield code="2">local</subfield></datafield><datafield tag="650" ind1=" " ind2="7"><subfield code="a">Social sciences</subfield><subfield code="x">Field work</subfield><subfield code="0">(DE-Frei129)01802744</subfield><subfield code="2">local</subfield></datafield><datafield tag="650" ind1=" " ind2="7"><subfield code="a">Ethnology</subfield><subfield code="x">Methodology</subfield><subfield code="0">(DE-Frei129)01762652</subfield><subfield code="2">local</subfield></datafield><datafield tag="650" ind1=" " ind2="7"><subfield code="a">Ethnology</subfield><subfield code="x">Fieldwork</subfield><subfield code="0">(DE-Frei129)01863248</subfield><subfield code="2">local</subfield></datafield><datafield tag="650" ind1=" " ind2="7"><subfield code="a">Social sciences</subfield><subfield code="x">Fieldwork</subfield><subfield code="0">(DE-Frei129)01923001</subfield><subfield code="2">local</subfield></datafield><datafield tag="650" ind1=" " ind2="7"><subfield code="a">Ethnologie</subfield><subfield code="0">(DE-Frei129)00033277</subfield><subfield code="0">(DE-588)4078931-7</subfield><subfield code="2">gnd</subfield></datafield><datafield tag="650" ind1=" " ind2="7"><subfield code="a">Feldforschung</subfield><subfield code="0">(DE-Frei129)00007922</subfield><subfield code="0">(DE-588)4016674-0</subfield><subfield code="2">gnd</subfield></datafield><datafield tag="650" ind1=" " ind2="7"><subfield code="a">Methode</subfield><subfield code="0">(DE-Frei129)00016504</subfield><subfield code="0">(DE-588)4038971-6</subfield><subfield code="2">gnd</subfield></datafield><datafield tag="689" ind1="0" ind2="0"><subfield code="A">s</subfield><subfield code="a">Ethnology / Field work</subfield><subfield code="5">DE-101</subfield></datafield><datafield tag="689" ind1="1" ind2="0"><subfield code="A">s</subfield><subfield code="a">Social sciences / Field work</subfield><subfield code="5">DE-101</subfield></datafield><datafield tag="689" ind1="2" ind2="0"><subfield code="A">s</subfield><subfield code="a">Ethnology / Methodology</subfield><subfield code="5">DE-101</subfield></datafield><datafield tag="689" ind1="3" ind2="0"><subfield code="A">s</subfield><subfield code="a">Ethnology / Fieldwork</subfield><subfield code="5">DE-101</subfield></datafield><datafield tag="689" ind1="4" ind2="0"><subfield code="A">s</subfield><subfield code="a">Social sciences / Fieldwork</subfield><subfield code="5">DE-101</subfield></datafield><datafield tag="689" ind1="5" ind2="0"><subfield code="0">(DE-588)4078931-7</subfield><subfield code="D">s</subfield><subfield code="a">Ethnologie </subfield></datafield><datafield tag="689" ind1="5" ind2="1"><subfield code="0">(DE-588)4016674-0</subfield><subfield code="D">s</subfield><subfield code="a">Feldforschung </subfield></datafield><datafield tag="689" ind1="5" ind2="2"><subfield code="0">(DE-588)4038971-6</subfield><subfield code="D">s</subfield><subfield code="a">Methode</subfield><subfield code="5">DE-101</subfield></datafield><datafield tag="700" ind1="1" ind2=" "><subfield code="0">(DE-588)137383940</subfield><subfield code="0">(DE-Frei129)00174653</subfield><subfield code="a">Atkinson, Paul</subfield><subfield code="4">aut</subfield></datafield><datafield tag="852" ind1=" " ind2=" "><subfield code="a">Frei 129</subfield><subfield code="b">PHFR</subfield><subfield code="c">LB 23000 H224 (3)</subfield></datafield><datafield tag="856" ind1="4" ind2=" "><subfield code="8">00</subfield><subfield code="u">http://swbplus.bsz-bw.de/bsz325622914inh.htm</subfield><subfield code="y">Inhaltsverzeichnis</subfield></datafield><datafield tag="980" ind1="0" ind2=" "><subfield code="a">00222465</subfield><subfield code="9">(PHFR)</subfield><subfield code="b">3.OG (37)</subfield><subfield code="c">LB 23000 H224 (3)</subfield><subfield code="d">Standardleihe (01)</subfield><subfield code="e">ausgeliehen (A) - Fälligkeitsdatum: 05.09.2022</subfield></datafield></record>