
<record><leader>05600nam a2200000uu 4500</leader><controlfield tag="001">02328212</controlfield><controlfield tag="003">DE-Frei129</controlfield><controlfield tag="005">20220811084046.0</controlfield><controlfield tag="007">tu</controlfield><controlfield tag="008">100113s2010    ||||||||||||||||||||ger||</controlfield><datafield tag="015" ind1=" " ind2=" "><subfield code="a">10,A19</subfield></datafield><datafield tag="016" ind1="7" ind2=" "><subfield code="a">999025430</subfield><subfield code="2">DE-101</subfield></datafield><datafield tag="020" ind1=" " ind2=" "><subfield code="a">9783867021050</subfield><subfield code="9">9783867021050</subfield><subfield code="c">kart. : EUR 17.90 (DE), EUR 18.40 (AT), sfr 31.90 (freier Pr.)</subfield></datafield><datafield tag="024" ind1="3" ind2=" "><subfield code="a">9783867021050</subfield></datafield><datafield tag="035" ind1=" " ind2=" "><subfield code="a">(DE-576)61641014X</subfield></datafield><datafield tag="041" ind1=" " ind2=" "><subfield code="a">ger</subfield></datafield><datafield tag="044" ind1=" " ind2=" "><subfield code="c">XA-DE-NW</subfield></datafield><datafield tag="245" ind1="1" ind2="0"><subfield code="a">Mit Pinsel, Farbe, Schere und Papier</subfield><subfield code="b">pfiffige Sachen basteln zum Spielen, Staunen und Bewegen mit Kindern ab 2 Jahren</subfield><subfield code="c">Gisela Mühlenberg. Ill. von Vanessa Paulzen</subfield></datafield><datafield tag="250" ind1=" " ind2=" "><subfield code="a">1. [Aufl.]</subfield></datafield><datafield tag="260" ind1="3" ind2=" "><subfield code="a">Münster</subfield><subfield code="b">Ökotopia-Verl.</subfield><subfield code="c">2010</subfield></datafield><datafield tag="300" ind1=" " ind2=" "><subfield code="a">127 Seiten</subfield><subfield code="b">zahlr. Ill., graph. Darst.</subfield><subfield code="c">270 mm x 210 mm</subfield></datafield><datafield tag="500" ind1=" " ind2=" "><subfield code="a">IMD-Felder maschinell generiert (GBV)</subfield></datafield><datafield tag="650" ind1=" " ind2="7"><subfield code="a">Kleinkinderziehung</subfield><subfield code="0">(DE-Frei129)00025678</subfield><subfield code="0">(DE-588)4073498-5</subfield><subfield code="2">gnd</subfield></datafield><datafield tag="650" ind1=" " ind2="7"><subfield code="a">Kreativitätserziehung</subfield><subfield code="0">(DE-Frei129)00061464</subfield><subfield code="0">(DE-588)4165554-0</subfield><subfield code="2">gnd</subfield></datafield><datafield tag="650" ind1=" " ind2="7"><subfield code="a">Kindertagesstätte</subfield><subfield code="0">(DE-Frei129)00011424</subfield><subfield code="0">(DE-588)4030638-0</subfield><subfield code="2">gnd</subfield></datafield><datafield tag="650" ind1=" " ind2="7"><subfield code="a">Kinderspiel</subfield><subfield code="0">(DE-Frei129)00029848</subfield><subfield code="0">(DE-588)4073413-4</subfield><subfield code="2">gnd</subfield></datafield><datafield tag="650" ind1=" " ind2="7"><subfield code="a">Basteln</subfield><subfield code="0">(DE-Frei129)00002815</subfield><subfield code="0">(DE-588)4004668-0</subfield><subfield code="2">gnd</subfield></datafield><datafield tag="689" ind1="0" ind2="0"><subfield code="0">(DE-588)4073498-5</subfield><subfield code="D">s</subfield><subfield code="a">Kleinkinderziehung</subfield><subfield code="5">DE-101</subfield></datafield><datafield tag="689" ind1="1" ind2="0"><subfield code="0">(DE-588)4165554-0</subfield><subfield code="D">s</subfield><subfield code="a">Kreativitätserziehung </subfield></datafield><datafield tag="689" ind1="1" ind2="1"><subfield code="0">(DE-588)4030638-0</subfield><subfield code="D">s</subfield><subfield code="a">Kindertagesstätte</subfield><subfield code="5">DE-101</subfield></datafield><datafield tag="689" ind1="2" ind2="0"><subfield code="0">(DE-588)4073413-4</subfield><subfield code="D">s</subfield><subfield code="a">Kinderspiel </subfield></datafield><datafield tag="689" ind1="2" ind2="1"><subfield code="0">(DE-588)4004668-0</subfield><subfield code="D">s</subfield><subfield code="a">Basteln</subfield><subfield code="5">DE-101</subfield></datafield><datafield tag="700" ind1="1" ind2=" "><subfield code="0">(DE-Frei129)00107102</subfield><subfield code="a">Mühlenberg, Gisela</subfield><subfield code="4">oth</subfield></datafield><datafield tag="700" ind1="1" ind2=" "><subfield code="0">(DE-588)124792731</subfield><subfield code="0">(DE-Frei129)00811340</subfield><subfield code="a">Paulzen, Vanessa</subfield><subfield code="4">oth</subfield></datafield><datafield tag="700" ind1="1" ind2=" "><subfield code="0">(DE-588)113381425</subfield><subfield code="0">(DE-Frei129)00811113</subfield><subfield code="a">Nordmann, Gisela</subfield><subfield code="4">oth</subfield></datafield><datafield tag="852" ind1=" " ind2=" "><subfield code="a">Frei 129</subfield><subfield code="b">PHFR</subfield><subfield code="c">LH 61290 N832</subfield></datafield><datafield tag="856" ind1="4" ind2=" "><subfield code="8">00</subfield><subfield code="u">http://d-nb.info/999025430/04</subfield><subfield code="y">Inhaltsverzeichnis</subfield></datafield><datafield tag="856" ind1="4" ind2=" "><subfield code="8">01</subfield><subfield code="u">http://d-nb.info/999025430/04</subfield><subfield code="y">Verlagsinformation</subfield></datafield><datafield tag="980" ind1="0" ind2=" "><subfield code="a">00214027</subfield><subfield code="9">(PHFR)</subfield><subfield code="b">2.OG (35)</subfield><subfield code="c">LH 61290 N832</subfield><subfield code="d">Standardleihe (01)</subfield><subfield code="e">Verfügbar (X)</subfield></datafield></record>