
<record><leader>02440nam a2200000uu 4500</leader><controlfield tag="001">02328073</controlfield><controlfield tag="003">DE-Frei129</controlfield><controlfield tag="005">20220811084046.0</controlfield><controlfield tag="007">tu</controlfield><controlfield tag="008">100701s2010    |||||||||||||||||||||||||</controlfield><datafield tag="020" ind1=" " ind2=" "><subfield code="a">9783000300370</subfield><subfield code="9">978-3-00-030037-0</subfield></datafield><datafield tag="035" ind1=" " ind2=" "><subfield code="a">(DE-576)1603874585</subfield></datafield><datafield tag="245" ind1="1" ind2="0"><subfield code="a">Internet ABC</subfield><subfield code="b">wissen, wie&apos;s geht; mit Spaß und Sicherheit ins Internet; eine CD-ROM für Pädagoginnen und Pädagogen sowie Eltern mit Informationen und Materialien rund um das Thema &quot;Internet&quot;</subfield><subfield code="c">Mechthild Appelhoff [Hrsg.]</subfield></datafield><datafield tag="246" ind1="1" ind2="3"><subfield code="a">Internet-abc</subfield></datafield><datafield tag="260" ind1="3" ind2=" "><subfield code="a">Düsseldorf</subfield><subfield code="b">Hrsg.: Internet-ABC e.V. Verantwortlich: Mechthild Appelhoff</subfield><subfield code="c">2010</subfield></datafield><datafield tag="300" ind1=" " ind2=" "><subfield code="a">223  Seiten</subfield><subfield code="e">1 CD-ROM (12 cm)</subfield></datafield><datafield tag="500" ind1=" " ind2=" "><subfield code="a">PC 500 MHz oder höher; Mac: Apple Macintosh PowerPC 450 MHz CD-ROM-Laufwerk zur Installation, Soundkarte, 40 MB freier Festplattenspeicher, empf. Bildschirmauflösung: ab 1024 x 768 Pixel Windows 95 mit 32 MB RAM, Windows 98, ME, NT mit 64 MB RAM, Windows 2000, XP mit 256 MB RAM; Ab Mac OS X 10.3 mit 256 MB RAM</subfield></datafield><datafield tag="700" ind1="1" ind2=" "><subfield code="0">(DE-Frei129)00430144</subfield><subfield code="a">Appelhoff, Mechthild</subfield><subfield code="4">Hrsg.</subfield></datafield><datafield tag="852" ind1=" " ind2=" "><subfield code="a">Frei 129</subfield><subfield code="b">PHFR</subfield><subfield code="c">Paed K 300: 7</subfield></datafield><datafield tag="980" ind1="0" ind2=" "><subfield code="a">00211936</subfield><subfield code="9">(PHFR)</subfield><subfield code="b">EG-Anbau (32)</subfield><subfield code="c">Paed K 300: 7</subfield><subfield code="d">Standardleihe (01)</subfield><subfield code="e">Verfügbar (X)</subfield></datafield></record>