
<record><leader>05151nam a2200000uu 4500</leader><controlfield tag="001">02328032</controlfield><controlfield tag="003">DE-Frei129</controlfield><controlfield tag="005">20220811084046.0</controlfield><controlfield tag="007">tu</controlfield><controlfield tag="008">100630s2010    ||||||||||||||||||||ger||</controlfield><datafield tag="015" ind1=" " ind2=" "><subfield code="a">10,N19</subfield></datafield><datafield tag="016" ind1="7" ind2=" "><subfield code="a">1002299950</subfield><subfield code="2">DE-101</subfield></datafield><datafield tag="020" ind1=" " ind2=" "><subfield code="a">9783769818444</subfield><subfield code="9">9783769818444</subfield><subfield code="c">PB. : EUR 16.90, EUR 17.40 (AT), sfr 28.50 (freier Pr.)</subfield></datafield><datafield tag="024" ind1="3" ind2=" "><subfield code="a">9783769818444</subfield></datafield><datafield tag="035" ind1=" " ind2=" "><subfield code="a">(DE-576)1603864776</subfield></datafield><datafield tag="041" ind1=" " ind2=" "><subfield code="a">ger</subfield></datafield><datafield tag="044" ind1=" " ind2=" "><subfield code="c">XA-DE-BY</subfield></datafield><datafield tag="245" ind1="1" ind2="0"><subfield code="a">Laute spüren - Reime rühren</subfield><subfield code="b">Spiele zur phonologischen Bewusstheit</subfield><subfield code="c">Maria Monschein</subfield></datafield><datafield tag="250" ind1=" " ind2=" "><subfield code="a">1. Aufl.</subfield></datafield><datafield tag="260" ind1="3" ind2=" "><subfield code="a">München</subfield><subfield code="b">Don Bosco Medien</subfield><subfield code="c">2010</subfield></datafield><datafield tag="300" ind1=" " ind2=" "><subfield code="a">112  Seiten</subfield><subfield code="b">schw.-w. Illustrationen, mit 1 CD-ROM mit 300 farbigen Bildkarten zum Ausdrucken</subfield><subfield code="c">195 mm x 175 mm</subfield><subfield code="e">1 CD-ROM</subfield></datafield><datafield tag="500" ind1=" " ind2=" "><subfield code="a">Hier auch später erschienene, unveränderte Nachdrucke</subfield></datafield><datafield tag="650" ind1=" " ind2="7"><subfield code="a">Lernspiel</subfield><subfield code="0">(DE-Frei129)00030319</subfield><subfield code="0">(DE-588)4074167-9</subfield><subfield code="2">gnd</subfield></datafield><datafield tag="650" ind1=" " ind2="7"><subfield code="a">Spracherziehung</subfield><subfield code="0">(DE-Frei129)00022830</subfield><subfield code="0">(DE-588)4056459-9</subfield><subfield code="2">gnd</subfield></datafield><datafield tag="650" ind1=" " ind2="7"><subfield code="a">Vorschulerziehung</subfield><subfield code="0">(DE-Frei129)00025677</subfield><subfield code="0">(DE-588)4064016-4</subfield><subfield code="2">gnd</subfield></datafield><datafield tag="650" ind1=" " ind2="7"><subfield code="a">Grundschule</subfield><subfield code="0">(DE-Frei129)00010240</subfield><subfield code="0">(DE-588)4022349-8</subfield><subfield code="2">gnd</subfield></datafield><datafield tag="689" ind1="0" ind2="0"><subfield code="0">(DE-588)4074167-9</subfield><subfield code="D">s</subfield><subfield code="a">Lernspiel </subfield></datafield><datafield tag="689" ind1="0" ind2="1"><subfield code="0">(DE-588)4056459-9</subfield><subfield code="D">s</subfield><subfield code="a">Spracherziehung </subfield></datafield><datafield tag="689" ind1="0" ind2="2"><subfield code="0">(DE-588)4064016-4</subfield><subfield code="D">s</subfield><subfield code="a">Vorschulerziehung </subfield></datafield><datafield tag="689" ind1="0" ind2="3"><subfield code="0">(DE-588)4022349-8</subfield><subfield code="D">s</subfield><subfield code="a">Grundschule</subfield><subfield code="5">DE-101</subfield></datafield><datafield tag="700" ind1="1" ind2=" "><subfield code="0">(DE-588)120940566</subfield><subfield code="0">(DE-Frei129)00545977</subfield><subfield code="a">Monschein, Maria</subfield><subfield code="4">aut</subfield></datafield><datafield tag="852" ind1=" " ind2=" "><subfield code="a">Frei 129</subfield><subfield code="b">PHFR</subfield><subfield code="c">ES 869 M754</subfield></datafield><datafield tag="856" ind1="4" ind2=" "><subfield code="8">00</subfield><subfield code="u">http://d-nb.info/1002299950/04</subfield><subfield code="y">Inhaltsverzeichnis</subfield></datafield><datafield tag="856" ind1="4" ind2=" "><subfield code="8">01</subfield><subfield code="u">http://deposit.d-nb.de/cgi-bin/dokserv?id=3470434&amp;prov=M&amp;dok_var=1&amp;dok_ext=htm</subfield><subfield code="y">Inhaltstext</subfield></datafield><datafield tag="980" ind1="0" ind2=" "><subfield code="a">00212978</subfield><subfield code="9">(PHFR)</subfield><subfield code="b">2.OG (35)</subfield><subfield code="c">ES 869 M754</subfield><subfield code="d">Standardleihe (01)</subfield><subfield code="e">Verfügbar (X)</subfield></datafield><datafield tag="980" ind1="0" ind2=" "><subfield code="a">00433703</subfield><subfield code="9">(PHFR)</subfield><subfield code="b">Handbibliothek (50)</subfield><subfield code="c">Spra B 330: 32</subfield><subfield code="d">Handbibliothek - nie verleihbar (54)</subfield><subfield code="e">Verfügbar (X)</subfield><subfield code="x">8. Auflage 2016</subfield></datafield></record>