
<record><leader>05358nam a2200000uu 4500</leader><controlfield tag="001">02327971</controlfield><controlfield tag="003">DE-Frei129</controlfield><controlfield tag="005">20220811084046.0</controlfield><controlfield tag="007">tu</controlfield><controlfield tag="008">100324s2010    ||||||||||||||||||||ger||</controlfield><datafield tag="015" ind1=" " ind2=" "><subfield code="a">10,A25</subfield></datafield><datafield tag="016" ind1="7" ind2=" "><subfield code="a">1000838544</subfield><subfield code="2">DE-101</subfield></datafield><datafield tag="020" ind1=" " ind2=" "><subfield code="a">9783772462733</subfield><subfield code="9">9783772462733</subfield><subfield code="c">Pp. : EUR 24.90 (DE), EUR 25.60 (AT), sfr 38.40 (freier Pr.)</subfield></datafield><datafield tag="024" ind1="3" ind2=" "><subfield code="a">9783772462733</subfield></datafield><datafield tag="035" ind1=" " ind2=" "><subfield code="a">(DE-576)622488252</subfield></datafield><datafield tag="041" ind1=" " ind2=" "><subfield code="a">ger</subfield></datafield><datafield tag="044" ind1=" " ind2=" "><subfield code="c">XA-DE-BW</subfield></datafield><datafield tag="100" ind1="1" ind2=" "><subfield code="a">Haas, Bärbel</subfield><subfield code="0">(DE-Frei129)03004015</subfield><subfield code="0">(DE-588)115474803</subfield></datafield><datafield tag="245" ind1="1" ind2="0"><subfield code="a">Bilderbuch-Illustration</subfield><subfield code="b">die Kunst, mit Zeichnungen Geschichten zu erzählen</subfield><subfield code="c">Bärbel Haas</subfield></datafield><datafield tag="250" ind1=" " ind2=" "><subfield code="a">1. Aufl.</subfield></datafield><datafield tag="260" ind1="3" ind2=" "><subfield code="a">Stuttgart</subfield><subfield code="b">Frechverl.</subfield><subfield code="c">2010</subfield></datafield><datafield tag="300" ind1=" " ind2=" "><subfield code="a">144 Seiten</subfield><subfield code="b">zahlr. Ill</subfield><subfield code="c">29 cm</subfield></datafield><datafield tag="490" ind1="0" ind2=" "><subfield code="a">TOPP </subfield><subfield code="v">6273</subfield></datafield><datafield tag="500" ind1=" " ind2=" "><subfield code="a">Archivierung/Langzeitarchivierung gewährleistet</subfield></datafield><datafield tag="500" ind1=" " ind2=" "><subfield code="a">Standing Order Kunst groß</subfield></datafield><datafield tag="520" ind1=" " ind2=" "><subfield code="a">Einführung in das Illustrieren von Bilderbüchern mit Blei- und Buntstiften sowie Aquarellfarben. Mit zahlreichen Übungseinheiten in der Schritt-für-Schritt-Technik. (Beate Lehr)</subfield></datafield><datafield tag="520" ind1=" " ind2=" "><subfield code="a">Die bekannte Autorin und Illustratorin von Bilderbüchern (zuletzt &quot;Die Bi-Ba-Butzemaus&quot;, BA 10/07, und &quot;Piratenweihnacht&quot;, BA 12/06) führt in diesem attraktiven Band in das Illustrieren von Bilderbüchern mit Blei- und Buntstiften sowie Aquarellfarben ein. Im 1. Kapitel geht es um die Konzeption und Ausführung einer Idee. Dies kann eine Einzelillustration oder schon eine ganze Bilderserie sein. Weitere Kapitel zeigen anschaulich, wie Details (Gesichtsausdruck, Körpersprache, Bewegung, Licht und Schatten, Perspektive) ausgeführt werden. Tipps für die Titelgestaltung, für das Entwerfen von Kalendern und Karten schließen sich an. In den Übungseinheiten werden Einzelmotive Schritt für Schritt erläutert. Zu den Motiven zählen Häuser, Menschen, Landschaften, viele Bären, Mäuse und Igel. Mit Glossar und Literaturverzeichnis. Der liebevoll gestaltete und und gut gegliederte Band füllt eine Lücke und wird daher möglichst vielen Bibliotheken empfohlen. (2) (Beate Lehr)</subfield></datafield><datafield tag="650" ind1=" " ind2="7"><subfield code="a">Bilderbuch</subfield><subfield code="0">(DE-Frei129)00003839</subfield><subfield code="0">(DE-588)4006604-6</subfield><subfield code="2">gnd</subfield></datafield><datafield tag="650" ind1=" " ind2="7"><subfield code="a">Illustration</subfield><subfield code="0">(DE-Frei129)00000407</subfield><subfield code="0">(DE-588)4123412-1</subfield><subfield code="2">gnd</subfield></datafield><datafield tag="689" ind1="0" ind2="0"><subfield code="0">(DE-588)4006604-6</subfield><subfield code="D">s</subfield><subfield code="a">Bilderbuch </subfield></datafield><datafield tag="689" ind1="0" ind2="1"><subfield code="0">(DE-588)4123412-1</subfield><subfield code="D">s</subfield><subfield code="a">Illustration</subfield><subfield code="5">DE-101</subfield></datafield><datafield tag="852" ind1=" " ind2=" "><subfield code="a">Frei 129</subfield><subfield code="b">PHFR</subfield><subfield code="c">AN 34800 H112</subfield></datafield><datafield tag="856" ind1="4" ind2=" "><subfield code="8">00</subfield><subfield code="u">http://d-nb.info/1000838544/04</subfield><subfield code="y">Kurzbeschreibung des Verlags</subfield></datafield><datafield tag="856" ind1="4" ind2=" "><subfield code="8">01</subfield><subfield code="u">http://d-nb.info/1000838544/04</subfield><subfield code="y">Verlagsinformation</subfield></datafield><datafield tag="980" ind1="0" ind2=" "><subfield code="a">00216638</subfield><subfield code="9">(PHFR)</subfield><subfield code="b">UG (33)</subfield><subfield code="c">AN 34800 H112</subfield><subfield code="d">Standardleihe (01)</subfield><subfield code="e">Verfügbar (X)</subfield></datafield></record>