
<record><leader>05415nam a2200000uu 4500</leader><controlfield tag="001">02327950</controlfield><controlfield tag="003">DE-Frei129</controlfield><controlfield tag="005">20220811084046.0</controlfield><controlfield tag="007">tu</controlfield><controlfield tag="008">100628s2010    ||||||||||||||||||||ger||</controlfield><datafield tag="015" ind1=" " ind2=" "><subfield code="a">10,A25</subfield></datafield><datafield tag="016" ind1="7" ind2=" "><subfield code="a">100083848X</subfield><subfield code="2">DE-101</subfield></datafield><datafield tag="020" ind1=" " ind2=" "><subfield code="a">9783772460722</subfield><subfield code="9">9783772460722</subfield><subfield code="c">Pp. : EUR 14.90 (DE), EUR 15.40 (AT), sfr 29.00 (freier Pr.)</subfield></datafield><datafield tag="024" ind1="3" ind2=" "><subfield code="a">9783772460722</subfield></datafield><datafield tag="035" ind1=" " ind2=" "><subfield code="a">(DE-576)62248821X</subfield></datafield><datafield tag="041" ind1=" " ind2=" "><subfield code="a">ger</subfield></datafield><datafield tag="044" ind1=" " ind2=" "><subfield code="c">XA-DE-BW</subfield></datafield><datafield tag="245" ind1="1" ind2="4"><subfield code="a">Die Kunst des Zeichnens - Menschen</subfield><subfield code="b">[die große Zeichenschule: praxisnah &amp; gut erklärt]</subfield><subfield code="c">[Konzept, Übers. und Lektorat: Verena Zemme]</subfield></datafield><datafield tag="250" ind1=" " ind2=" "><subfield code="a">1. Aufl.</subfield></datafield><datafield tag="260" ind1="3" ind2=" "><subfield code="a">Stuttgart</subfield><subfield code="b">Frechverl.</subfield><subfield code="c">2010</subfield></datafield><datafield tag="300" ind1=" " ind2=" "><subfield code="a">237 Seiten</subfield><subfield code="b">zahlr. Ill.</subfield><subfield code="c">32 cm</subfield></datafield><datafield tag="490" ind1="0" ind2=" "><subfield code="a">TOPP </subfield><subfield code="v">6072</subfield></datafield><datafield tag="500" ind1=" " ind2=" "><subfield code="a">IMD-Felder maschinell generiert (GBV)</subfield></datafield><datafield tag="500" ind1=" " ind2=" "><subfield code="a">Archivierung/Langzeitarchivierung gewährleistet</subfield></datafield><datafield tag="520" ind1=" " ind2=" "><subfield code="a">Wie das Buch &quot;Die Kunst des Zeichnens&quot; aus der Reihe &quot;Die grosse Zeichenschule&quot; (BA 9/09) hat auch dieser Titel Handbuchcharakter. Alle Aspekte zum Zeichnen von Porträts und Detaildarstellungen, von anatomischen Studien und Aktmotiven werden behandelt. Die Einführung in Material (Bleistift, Pastell, Kohle) und Technik ist gründlich. Die Übungen mit den detaillierten Schritt-für-Schritt-Erläuterungen und Phasenzeichnungen sind für den Anfänger gut nachvollziehbar. Für fortgeschrittene Hobbyzeichner gibt es anspruchsvolle Motive. Die Bereiche Manga, Cartoon, Karikatur und Fantasy werden in den abschliessenden Kapiteln vorgestellt. Als preiswerte Ergänzung zu den bislang angezeigten Titeln &quot;Menschen zeichnen und malen&quot; (BA 8/00), &quot;Kopf und Porträt&quot; (BA 7/03), &quot;Die grosse Zeichenschule - Figuren&quot; (BA 4/06), &quot;Figuren zeichnen&quot; (BA 8/09) sehr empfohlen. (1)</subfield></datafield><datafield tag="650" ind1=" " ind2="7"><subfield code="a">Mensch</subfield><subfield code="x">Motiv</subfield><subfield code="0">(DE-Frei129)00030661</subfield><subfield code="0">(DE-588)4114567-7</subfield><subfield code="2">gnd</subfield></datafield><datafield tag="650" ind1=" " ind2="7"><subfield code="a">Zeichnen</subfield><subfield code="0">(DE-Frei129)00007727</subfield><subfield code="0">(DE-588)4067453-8</subfield><subfield code="2">gnd</subfield></datafield><datafield tag="651" ind1=" " ind2="7"><subfield code="a">Motiv</subfield><subfield code="0">(DE-Frei129)00757372</subfield><subfield code="2">local</subfield></datafield><datafield tag="689" ind1="0" ind2="0"><subfield code="0">(DE-588)4114567-7</subfield><subfield code="D">s</subfield><subfield code="a">Mensch / Motiv </subfield></datafield><datafield tag="689" ind1="0" ind2="1"><subfield code="A">s</subfield><subfield code="a">Motiv </subfield></datafield><datafield tag="689" ind1="0" ind2="2"><subfield code="0">(DE-588)4067453-8</subfield><subfield code="D">s</subfield><subfield code="a">Zeichnen</subfield><subfield code="5">DE-101</subfield></datafield><datafield tag="700" ind1="1" ind2=" "><subfield code="0">(DE-Frei129)00592969</subfield><subfield code="a">Zemme, Verena</subfield><subfield code="4">oth</subfield></datafield><datafield tag="852" ind1=" " ind2=" "><subfield code="a">Frei 129</subfield><subfield code="b">PHFR</subfield><subfield code="c">LH 71040 Z53</subfield></datafield><datafield tag="856" ind1="4" ind2=" "><subfield code="8">00</subfield><subfield code="u">http://d-nb.info/100083848X/04</subfield><subfield code="y">Kurzbeschreibung des Verlags</subfield></datafield><datafield tag="856" ind1="4" ind2=" "><subfield code="8">01</subfield><subfield code="u">http://d-nb.info/100083848X/04</subfield><subfield code="y">Verlagsinformation</subfield></datafield><datafield tag="980" ind1="0" ind2=" "><subfield code="a">00216635</subfield><subfield code="9">(PHFR)</subfield><subfield code="b">2.OG (35)</subfield><subfield code="c">LH 71040 Z53</subfield><subfield code="d">Standardleihe (01)</subfield><subfield code="e">ausgeliehen (A) - Fälligkeitsdatum: 01.08.2022</subfield></datafield></record>