
<record><leader>06154nam a2200000uu 4500</leader><controlfield tag="001">02327933</controlfield><controlfield tag="003">DE-Frei129</controlfield><controlfield tag="005">20220811084046.0</controlfield><controlfield tag="007">tu</controlfield><controlfield tag="008">091202s2010    ||||||||||||||||||||ger||</controlfield><datafield tag="015" ind1=" " ind2=" "><subfield code="a">10,A23</subfield></datafield><datafield tag="016" ind1="7" ind2=" "><subfield code="a">998454273</subfield><subfield code="2">DE-101</subfield></datafield><datafield tag="020" ind1=" " ind2=" "><subfield code="a">9783499626401</subfield><subfield code="9">9783499626401</subfield><subfield code="c">PB. : EUR 8.95, EUR 9.20 (AT), sfr 16.80 (freier Pr.)</subfield></datafield><datafield tag="024" ind1="3" ind2=" "><subfield code="a">9783499626401</subfield></datafield><datafield tag="035" ind1=" " ind2=" "><subfield code="a">(DE-576)614132819</subfield></datafield><datafield tag="041" ind1=" " ind2=" "><subfield code="a">ger</subfield></datafield><datafield tag="044" ind1=" " ind2=" "><subfield code="c">XA-DE-SH</subfield></datafield><datafield tag="245" ind1="1" ind2="0"><subfield code="a">Tyrannenkinder</subfield><subfield code="b">Plädoyer für mehr elterlichen Egoismus</subfield><subfield code="c">Gabriele Flessenkemper</subfield></datafield><datafield tag="250" ind1=" " ind2=" "><subfield code="a">Überarb. Neuausg.</subfield></datafield><datafield tag="260" ind1="3" ind2=" "><subfield code="a">Reinbek bei Hamburg</subfield><subfield code="b">Rowohlt-Taschenbuch-Verl.</subfield><subfield code="c">2010</subfield></datafield><datafield tag="300" ind1=" " ind2=" "><subfield code="a">206 Seiten</subfield><subfield code="c">190 mm x 125 mm</subfield></datafield><datafield tag="490" ind1="0" ind2=" "><subfield code="a">rororo </subfield><subfield code="v">62640</subfield></datafield><datafield tag="500" ind1=" " ind2=" "><subfield code="a">IMD-Felder maschinell generiert (GBV)</subfield></datafield><datafield tag="500" ind1=" " ind2=" "><subfield code="a">Standing Order Psychologie klein</subfield></datafield><datafield tag="520" ind1=" " ind2=" "><subfield code="a">Anhand von Interviews mit Eltern erzählt die Autorin von den Schwierigkeiten als Vater und Mutter Mann und Frau zu bleiben und sich, aber auch dem Nachwuchs notwendige Freiräume zu bewahren. (LK/SH: Müller-Boysen)</subfield></datafield><datafield tag="520" ind1=" " ind2=" "><subfield code="a">Die Autorin hat ihr Plädoyer für mehr elterlichen Egoismus (&quot;Rettet die Liebe vor den Kindern&quot;, BA 6/94) gründlich überarbeitet und neuere Entwicklungen in Gesellschaft, Familie und Erziehung eingearbeitet. Hierzu zählen die Erfahrungen der &quot;Von-der-Leyen-Väter&quot; in Elternzeit ebenso wie Castingshows als Bestandteil der Lebenswelt Jugendlicher und die von Michael Winterhoff popularisierte Vorstellung von Kindern als Tyrannen (BA 6/08; 3/09). Die Gedanken der Autorin zur Notwendigkeit auch als Eltern eigenständige Erwachsene mit erwachsenen Bedürfnissen und Wünschen zu bleiben und Kindern nicht den notwendigen Entwicklungsraum durch Aufopferung und Überbehütung zu nehmen sind nach wie vor lesenswert und liegen durchaus im momentanen pädagogischen Trend, genau wie der neue Titel und das neue Cover. Vorauflage sollte ersetzt werden. Gern empfohlen. (2) (LK/SH: Müller-Boysen)</subfield></datafield><datafield tag="650" ind1=" " ind2="7"><subfield code="a">Kind</subfield><subfield code="0">(DE-Frei129)00001633</subfield><subfield code="0">(DE-588)4030550-8</subfield><subfield code="2">gnd</subfield></datafield><datafield tag="650" ind1=" " ind2="7"><subfield code="a">Eltern</subfield><subfield code="0">(DE-Frei129)00006830</subfield><subfield code="0">(DE-588)4014516-5</subfield><subfield code="2">gnd</subfield></datafield><datafield tag="650" ind1=" " ind2="7"><subfield code="a">Zweierbeziehung</subfield><subfield code="0">(DE-Frei129)00011883</subfield><subfield code="0">(DE-588)4191223-8</subfield><subfield code="2">gnd</subfield></datafield><datafield tag="689" ind1="0" ind2="0"><subfield code="0">(DE-588)4030550-8</subfield><subfield code="D">s</subfield><subfield code="a">Kind </subfield></datafield><datafield tag="689" ind1="0" ind2="1"><subfield code="0">(DE-588)4014516-5</subfield><subfield code="D">s</subfield><subfield code="a">Eltern </subfield></datafield><datafield tag="689" ind1="0" ind2="2"><subfield code="0">(DE-588)4191223-8</subfield><subfield code="D">s</subfield><subfield code="a">Zweierbeziehung</subfield><subfield code="5">DE-101</subfield></datafield><datafield tag="700" ind1="1" ind2=" "><subfield code="0">(DE-588)130353485</subfield><subfield code="0">(DE-Frei129)58116102</subfield><subfield code="a">Flessenkemper, Gabriele</subfield><subfield code="4">aut</subfield></datafield><datafield tag="852" ind1=" " ind2=" "><subfield code="a">Frei129</subfield><subfield code="c">Paed G 290: 196</subfield></datafield><datafield tag="856" ind1="4" ind2=" "><subfield code="8">00</subfield><subfield code="u">http://deposit.d-nb.de/cgi-bin/dokserv?id=3381493&amp;prov=M&amp;dok_var=1&amp;dok_ext=htm</subfield><subfield code="y">Inhaltstext</subfield></datafield><datafield tag="856" ind1="4" ind2=" "><subfield code="8">01</subfield><subfield code="u">http://d-nb.info/998454273/04</subfield><subfield code="y">Inhaltsverzeichnis</subfield></datafield><datafield tag="856" ind1="4" ind2=" "><subfield code="8">02</subfield><subfield code="u">http://deposit.d-nb.de/cgi-bin/dokserv?id=3381493&amp;prov=M&amp;dok_var=1&amp;dok_ext=htm</subfield><subfield code="y">Inhaltstext</subfield></datafield><datafield tag="856" ind1="4" ind2=" "><subfield code="8">03</subfield><subfield code="u">http://d-nb.info/998454273/04</subfield><subfield code="y">Inhaltsverzeichnis</subfield></datafield><datafield tag="980" ind1="0" ind2=" "><subfield code="a">00212333</subfield><subfield code="9">(PHFR)</subfield><subfield code="b">EG-Anbau (32)</subfield><subfield code="c">Paed G 290: 196</subfield><subfield code="d">Standardleihe (01)</subfield><subfield code="e">Verfügbar (X)</subfield></datafield></record>