
<record><leader>04244nam a2200000uu 4500</leader><controlfield tag="001">02327923</controlfield><controlfield tag="003">DE-Frei129</controlfield><controlfield tag="005">20220811084046.0</controlfield><controlfield tag="007">tu</controlfield><controlfield tag="008">091209s2010    ||||||||||||||||||||ger||</controlfield><datafield tag="020" ind1=" " ind2=" "><subfield code="a">9783941376168</subfield><subfield code="9">9783941376168</subfield><subfield code="c">PB. : EUR 22.95, EUR 23.60 (AT), sfr 39.90 (freier Pr.)</subfield></datafield><datafield tag="035" ind1=" " ind2=" "><subfield code="a">(DE-576)614669928</subfield></datafield><datafield tag="041" ind1=" " ind2=" "><subfield code="a">ger</subfield><subfield code="h">eng</subfield></datafield><datafield tag="044" ind1=" " ind2=" "><subfield code="c">XA-DE-HH</subfield></datafield><datafield tag="245" ind1="1" ind2="0"><subfield code="a">Born in the Bronx</subfield><subfield code="b">die Anfänge des Hip Hop</subfield><subfield code="c">hrsg. von Johan Kugelberg. Fotogr. von Joe Conzo</subfield></datafield><datafield tag="246" ind1="1" ind2="3"><subfield code="a">Born in the Bronx</subfield></datafield><datafield tag="250" ind1=" " ind2=" "><subfield code="a">1. Aufl.</subfield></datafield><datafield tag="260" ind1="3" ind2=" "><subfield code="a">Hamburg</subfield><subfield code="b">Edel Germany</subfield><subfield code="c">2010</subfield></datafield><datafield tag="300" ind1=" " ind2=" "><subfield code="a">208 Seiten</subfield><subfield code="b">überw. Ill.</subfield><subfield code="c">28 cm</subfield></datafield><datafield tag="490" ind1="0" ind2=" "><subfield code="a">Edel: Rockbuch</subfield></datafield><datafield tag="500" ind1=" " ind2=" "><subfield code="a">IMD-Felder maschinell generiert (GBV)</subfield></datafield><datafield tag="650" ind1=" " ind2="7"><subfield code="a">Hip-Hop</subfield><subfield code="0">(DE-Frei129)00089040</subfield><subfield code="0">(DE-588)4303517-6</subfield><subfield code="2">gnd</subfield></datafield><datafield tag="689" ind1="0" ind2="0"><subfield code="0">(DE-588)4303517-6</subfield><subfield code="D">s</subfield><subfield code="a">Hip-Hop</subfield><subfield code="5">DE-101</subfield></datafield><datafield tag="700" ind1="1" ind2=" "><subfield code="0">(DE-588)135653126</subfield><subfield code="0">(DE-Frei129)00811662</subfield><subfield code="a">Kugelberg, Johan</subfield><subfield code="4">Hrsg.</subfield></datafield><datafield tag="700" ind1="1" ind2=" "><subfield code="0">(DE-588)13565310X</subfield><subfield code="0">(DE-Frei129)00811661</subfield><subfield code="a">Conzo, Joe, Jr., Jr.</subfield><subfield code="4">oth</subfield></datafield><datafield tag="852" ind1=" " ind2=" "><subfield code="a">Frei129</subfield><subfield code="c">LS 48650 K95</subfield></datafield><datafield tag="856" ind1="4" ind2=" "><subfield code="8">00</subfield><subfield code="u">http://deposit.d-nb.de/cgi-bin/dokserv?id=3382134&amp;prov=M&amp;dok_var=1&amp;dok_ext=htm</subfield><subfield code="y">Inhaltstext</subfield></datafield><datafield tag="856" ind1="4" ind2=" "><subfield code="8">01</subfield><subfield code="u">http://d-nb.info/998498653/04</subfield><subfield code="y">Verlagsinformation</subfield></datafield><datafield tag="856" ind1="4" ind2=" "><subfield code="8">02</subfield><subfield code="u">http://deposit.d-nb.de/cgi-bin/dokserv?id=3382134&amp;prov=M&amp;dok_var=1&amp;dok_ext=htm</subfield><subfield code="y">Inhaltstext</subfield></datafield><datafield tag="856" ind1="4" ind2=" "><subfield code="8">03</subfield><subfield code="u">http://deposit.d-nb.de/cgi-bin/dokserv?id=3382134&amp;prov=M&amp;dok_var=1&amp;dok_ext=htm</subfield><subfield code="y">Verlagsinformation</subfield></datafield><datafield tag="856" ind1="4" ind2=" "><subfield code="8">04</subfield><subfield code="u">http://d-nb.info/998498653/04</subfield><subfield code="y">Inhaltsverzeichnis</subfield></datafield><datafield tag="980" ind1="0" ind2=" "><subfield code="a">00220067</subfield><subfield code="9">(PHFR)</subfield><subfield code="b">3.OG (37)</subfield><subfield code="c">LS 48650 K95</subfield><subfield code="d">Standardleihe (01)</subfield><subfield code="e">Verfügbar (X)</subfield></datafield></record>