
<record><leader>03994nam a2200000uu 4500</leader><controlfield tag="001">02327918</controlfield><controlfield tag="003">DE-Frei129</controlfield><controlfield tag="005">20220811084046.0</controlfield><controlfield tag="007">tu</controlfield><controlfield tag="008">100624s2010    ||||||||||||||||||||ger||</controlfield><datafield tag="015" ind1=" " ind2=" "><subfield code="a">10,N16</subfield></datafield><datafield tag="016" ind1="7" ind2=" "><subfield code="a">1001593170</subfield><subfield code="2">DE-101</subfield></datafield><datafield tag="020" ind1=" " ind2=" "><subfield code="a">9783939621775</subfield><subfield code="9">978-3-939621-77-5</subfield><subfield code="c">kart. : EUR 24.00</subfield></datafield><datafield tag="024" ind1="3" ind2=" "><subfield code="a">9783939621775</subfield></datafield><datafield tag="035" ind1=" " ind2=" "><subfield code="a">(DE-576)624468747</subfield></datafield><datafield tag="041" ind1=" " ind2=" "><subfield code="a">ger</subfield></datafield><datafield tag="044" ind1=" " ind2=" "><subfield code="c">XA-DE-NW</subfield></datafield><datafield tag="100" ind1="1" ind2=" "><subfield code="a">Halbig, Petra</subfield><subfield code="0">(DE-Frei129)00812273</subfield><subfield code="0">(DE-588)141674180</subfield></datafield><datafield tag="245" ind1="1" ind2="0"><subfield code="a">ADHS ... Danke für die Gabe</subfield><subfield code="b">Hilfe zum Selbstcoaching</subfield><subfield code="c">Petra Halbig. Ill. von Timo Wuerz</subfield></datafield><datafield tag="250" ind1=" " ind2=" "><subfield code="a">1. Auflage</subfield></datafield><datafield tag="260" ind1="3" ind2=" "><subfield code="a">Bergisch Gladbach</subfield><subfield code="b">Breuer &amp; Wardin</subfield><subfield code="c">2010</subfield></datafield><datafield tag="300" ind1=" " ind2=" "><subfield code="a">212  Seiten</subfield><subfield code="b">Ill., graph. Darst.</subfield><subfield code="c">235 mm x 165 mm, 580 gr.</subfield></datafield><datafield tag="500" ind1=" " ind2=" "><subfield code="a">5090: ddsu/sred</subfield></datafield><datafield tag="650" ind1=" " ind2="7"><subfield code="a">Aufmerksamkeitsdefizit-Syndrom</subfield><subfield code="0">(DE-Frei129)00103915</subfield><subfield code="0">(DE-588)4525885-5</subfield><subfield code="2">gnd</subfield></datafield><datafield tag="655" ind1=" " ind2="7"><subfield code="a">Ratgeber</subfield><subfield code="0">(DE-Frei129)00000013</subfield><subfield code="2">local</subfield></datafield><datafield tag="689" ind1="0" ind2="0"><subfield code="0">(DE-588)4525885-5</subfield><subfield code="D">s</subfield><subfield code="a">Aufmerksamkeitsdefizit-Syndrom </subfield></datafield><datafield tag="689" ind1="0" ind2="1"><subfield code="A">s</subfield><subfield code="a">Ratgeber</subfield><subfield code="5">DE-101</subfield></datafield><datafield tag="700" ind1="1" ind2=" "><subfield code="0">(DE-588)128575271</subfield><subfield code="0">(DE-Frei129)00196638</subfield><subfield code="a">Wuerz, Timo</subfield><subfield code="4">oth</subfield></datafield><datafield tag="852" ind1=" " ind2=" "><subfield code="a">Frei129</subfield><subfield code="c">Psy K 320: 243 a</subfield></datafield><datafield tag="856" ind1="4" ind2=" "><subfield code="8">00</subfield><subfield code="u">http://d-nb.info/1001593170/04</subfield><subfield code="y">Inhaltsverzeichnis</subfield></datafield><datafield tag="980" ind1="0" ind2=" "><subfield code="a">00213090</subfield><subfield code="9">(PHFR)</subfield><subfield code="b">EG-Anbau (32)</subfield><subfield code="c">Psy K 320: 243</subfield><subfield code="d">Standardleihe (01)</subfield><subfield code="e">Verfügbar (X)</subfield></datafield><datafield tag="980" ind1="0" ind2=" "><subfield code="a">00216689</subfield><subfield code="9">(PHFR)</subfield><subfield code="b">EG-Anbau (32)</subfield><subfield code="c">Psy K 320: 243 a</subfield><subfield code="d">Standardleihe (01)</subfield><subfield code="e">Verfügbar (X)</subfield></datafield></record>