
<record><leader>03575nam a2200000uuc4500</leader><controlfield tag="001">02327867</controlfield><controlfield tag="003">DE-Frei129</controlfield><controlfield tag="005">20220811084046.0</controlfield><controlfield tag="007">tu</controlfield><controlfield tag="008">100623s2010    ||||||||||||||||||||ger||</controlfield><datafield tag="020" ind1=" " ind2=" "><subfield code="a">9783170215221</subfield><subfield code="9">9783170215221</subfield></datafield><datafield tag="024" ind1="3" ind2=" "><subfield code="a">9783170215221</subfield></datafield><datafield tag="035" ind1=" " ind2=" "><subfield code="a">(DE-576)1394942745</subfield></datafield><datafield tag="040" ind1=" " ind2=" "><subfield code="e">rda</subfield></datafield><datafield tag="041" ind1=" " ind2=" "><subfield code="a">ger</subfield></datafield><datafield tag="100" ind1="1" ind2=" "><subfield code="a">Göttner-Abendroth, Heide</subfield><subfield code="0">(DE-Frei129)00018687</subfield><subfield code="0">(DE-588)118142003</subfield><subfield code="4">aut</subfield></datafield><datafield tag="245" ind1="1" ind2="0"><subfield code="a">Das Matriarchat</subfield><subfield code="n">1</subfield><subfield code="p">Geschichte seiner Erforschung / Heide Göttner-Abendroth</subfield><subfield code="c">Heide Göttner-Abendroth</subfield></datafield><datafield tag="250" ind1=" " ind2=" "><subfield code="a">4. Auflage</subfield></datafield><datafield tag="264" ind1=" " ind2="4"><subfield code="a">Stuttgart</subfield><subfield code="b">Verlag W. Kohlhammer</subfield><subfield code="c">2010</subfield></datafield><datafield tag="300" ind1=" " ind2=" "><subfield code="a">193 Seiten</subfield></datafield><datafield tag="336" ind1=" " ind2=" "><subfield code="a">text</subfield><subfield code="b">txt</subfield><subfield code="2">rdacontent</subfield></datafield><datafield tag="337" ind1=" " ind2=" "><subfield code="a">unmediated</subfield><subfield code="b">n</subfield><subfield code="2">rdamedia</subfield></datafield><datafield tag="338" ind1=" " ind2=" "><subfield code="a">volume</subfield><subfield code="b">nc</subfield><subfield code="2">rdacarrier</subfield></datafield><datafield tag="500" ind1=" " ind2=" "><subfield code="a">Archivierung/Langzeitarchivierung gewährleistet</subfield></datafield><datafield tag="773" ind1="0" ind2="8"><subfield code="w">(DE-Frei129)00074972</subfield><subfield code="q">1114</subfield></datafield><datafield tag="852" ind1=" " ind2=" "><subfield code="a">Frei 129</subfield><subfield code="b">PHFR</subfield><subfield code="c">MS 9400 G599 -1(4)</subfield></datafield><datafield tag="856" ind1="4" ind2=" "><subfield code="8">00</subfield><subfield code="u">http://d-nb.info/1002581990/04</subfield><subfield code="y">Inhaltsverzeichnis</subfield></datafield><datafield tag="856" ind1="4" ind2=" "><subfield code="8">01</subfield><subfield code="u">http://shop2.kohlhammer.de/shopX/shops/kohlhammer/data/pdf/978-3-17-021522-1_L.pdf</subfield><subfield code="y">Verlagsinformation</subfield></datafield><datafield tag="856" ind1="4" ind2=" "><subfield code="8">02</subfield><subfield code="u">http://deposit.d-nb.de/cgi-bin/dokserv?id=3478582&amp;prov=M&amp;dok_var=1&amp;dok_ext=htm</subfield><subfield code="y">Inhaltstext</subfield></datafield><datafield tag="980" ind1="0" ind2=" "><subfield code="a">00231099</subfield><subfield code="9">(PHFR)</subfield><subfield code="b">UG (33)</subfield><subfield code="c">Soz E 20: 15 ,1</subfield><subfield code="d">Standardleihe (01)</subfield><subfield code="e">Verfügbar (X)</subfield></datafield></record>