
<record><leader>03086nam a2200000uu 4500</leader><controlfield tag="001">02327861</controlfield><controlfield tag="003">DE-Frei129</controlfield><controlfield tag="005">20220811084046.0</controlfield><controlfield tag="007">tu</controlfield><controlfield tag="008">100622s2010    ||||||||||||||||||||ger||</controlfield><datafield tag="020" ind1=" " ind2=" "><subfield code="a">9783522436304</subfield><subfield code="9">9783522436304</subfield><subfield code="c">GB. : EUR 12.90, EUR 13.30 (AT), sfr 23.90 (freier Pr.)</subfield></datafield><datafield tag="024" ind1="3" ind2=" "><subfield code="a">9783522436304</subfield></datafield><datafield tag="035" ind1=" " ind2=" "><subfield code="a">(DE-576)1603660917</subfield></datafield><datafield tag="041" ind1=" " ind2=" "><subfield code="a">ger</subfield></datafield><datafield tag="044" ind1=" " ind2=" "><subfield code="c">XA-DE-BW</subfield><subfield code="c">XA-AT-9</subfield></datafield><datafield tag="245" ind1="1" ind2="0"><subfield code="a">Tranquilla Trampeltreu</subfield><subfield code="b">die beharrliche Schildkröte</subfield><subfield code="c">Michael Ende; Michael Bayer</subfield></datafield><datafield tag="250" ind1=" " ind2=" "><subfield code="a">[Nachdr.]</subfield></datafield><datafield tag="260" ind1="3" ind2=" "><subfield code="a">Stuttgart ; Wien</subfield><subfield code="b">Thienemann</subfield><subfield code="c">[20]10</subfield></datafield><datafield tag="300" ind1=" " ind2=" "><subfield code="a">[24] Seiten</subfield><subfield code="b">zahlr. Ill.</subfield><subfield code="c">300 mm x 232 mm</subfield></datafield><datafield tag="500" ind1=" " ind2=" "><subfield code="a">Archivierung/Langzeitarchivierung gewährleistet</subfield></datafield><datafield tag="650" ind1=" " ind2="7"><subfield code="a">Schildkröten</subfield><subfield code="0">(DE-Frei129)00021366</subfield><subfield code="0">(DE-588)4052472-3</subfield><subfield code="2">gnd</subfield></datafield><datafield tag="689" ind1="0" ind2="0"><subfield code="0">(DE-588)4052472-3</subfield><subfield code="D">s</subfield><subfield code="a">Schildkröten</subfield><subfield code="5">DE-101</subfield></datafield><datafield tag="700" ind1="1" ind2=" "><subfield code="0">(DE-588)118530259</subfield><subfield code="0">(DE-Frei129)00013822</subfield><subfield code="a">Ende, Michael</subfield><subfield code="4">oth</subfield></datafield><datafield tag="700" ind1="1" ind2=" "><subfield code="0">(DE-588)131782533</subfield><subfield code="0">(DE-Frei129)00811493</subfield><subfield code="a">Bayer, Michael</subfield><subfield code="4">oth</subfield></datafield><datafield tag="852" ind1=" " ind2=" "><subfield code="a">Frei 129</subfield><subfield code="b">PHFR</subfield><subfield code="c">LR 56930 E56</subfield></datafield><datafield tag="980" ind1="0" ind2=" "><subfield code="a">00223101</subfield><subfield code="9">(PHFR)</subfield><subfield code="b">3.OG (37)</subfield><subfield code="c">LR 56930 E56</subfield><subfield code="d">Standardleihe (01)</subfield><subfield code="e">Verfügbar (X)</subfield></datafield></record>