
<record><leader>04160nam a2200000uu 4500</leader><controlfield tag="001">02327829</controlfield><controlfield tag="003">DE-Frei129</controlfield><controlfield tag="005">20220811084046.0</controlfield><controlfield tag="007">tu</controlfield><controlfield tag="008">100621s2010    ||||||||||||||||||||ger||</controlfield><datafield tag="015" ind1=" " ind2=" "><subfield code="a">10,A23</subfield></datafield><datafield tag="016" ind1="7" ind2=" "><subfield code="a">1001463226</subfield><subfield code="2">DE-101</subfield></datafield><datafield tag="020" ind1=" " ind2=" "><subfield code="a">9783423303842</subfield><subfield code="9">9783423303842</subfield><subfield code="c">(dtv) kart. : EUR 8.90 (DE), EUR 9.20 (AT)</subfield></datafield><datafield tag="020" ind1=" " ind2=" "><subfield code="a">9783761811689</subfield><subfield code="9">9783761811689</subfield><subfield code="c">(Bärenreiter) kart. : EUR 8.90 (DE), EUR 9.20 (AT)</subfield></datafield><datafield tag="035" ind1=" " ind2=" "><subfield code="a">(DE-576)627670199</subfield></datafield><datafield tag="041" ind1=" " ind2=" "><subfield code="a">ger</subfield></datafield><datafield tag="044" ind1=" " ind2=" "><subfield code="c">XA-DE</subfield><subfield code="c">XA-CH</subfield></datafield><datafield tag="245" ind1="1" ind2="0"><subfield code="a">Erlebnis Musik</subfield><subfield code="b">eine kleine Musikgeschichte</subfield><subfield code="c">Stefan Schaub</subfield></datafield><datafield tag="250" ind1=" " ind2=" "><subfield code="a">Vom Autor überarb. gemeinschaftliche Ausg., 7. Aufl.</subfield></datafield><datafield tag="260" ind1="3" ind2=" "><subfield code="a">München</subfield><subfield code="a">Kassel ; Basel ; Tours ; London</subfield><subfield code="b">Dt. Taschenbuch-Verl.</subfield><subfield code="b">Bärenreiter-Verl.</subfield><subfield code="c">2010</subfield></datafield><datafield tag="300" ind1=" " ind2=" "><subfield code="a">257 Seiten</subfield><subfield code="b">Ill., graph. Darst., Noten</subfield><subfield code="c">20 cm</subfield></datafield><datafield tag="490" ind1="0" ind2=" "><subfield code="a">dtv </subfield><subfield code="v">30384</subfield></datafield><datafield tag="500" ind1=" " ind2=" "><subfield code="a">Literaturangaben</subfield></datafield><datafield tag="500" ind1=" " ind2=" "><subfield code="a">IMD-Felder maschinell generiert (GBV)</subfield></datafield><datafield tag="648" ind1=" " ind2="7"><subfield code="a">Geschichte</subfield><subfield code="0">(DE-Frei129)00000468</subfield><subfield code="2">local</subfield></datafield><datafield tag="650" ind1=" " ind2="7"><subfield code="a">Musik</subfield><subfield code="0">(DE-Frei129)00006756</subfield><subfield code="0">(DE-588)4040802-4</subfield><subfield code="2">gnd</subfield></datafield><datafield tag="689" ind1="0" ind2="0"><subfield code="0">(DE-588)4040802-4</subfield><subfield code="D">s</subfield><subfield code="a">Musik </subfield></datafield><datafield tag="689" ind1="0" ind2="1"><subfield code="A">s</subfield><subfield code="a">Geschichte</subfield><subfield code="5">DE-101</subfield></datafield><datafield tag="700" ind1="1" ind2=" "><subfield code="0">(DE-Frei129)00047929</subfield><subfield code="a">Schaub, Stefan</subfield><subfield code="4">aut</subfield></datafield><datafield tag="852" ind1=" " ind2=" "><subfield code="a">Frei 129</subfield><subfield code="b">PHFR</subfield><subfield code="c">LP 19500 S313 (7)</subfield></datafield><datafield tag="856" ind1="4" ind2=" "><subfield code="8">00</subfield><subfield code="u">http://d-nb.info/1001463226/04</subfield><subfield code="y">Kurzbeschreibung des Verlags</subfield></datafield><datafield tag="856" ind1="4" ind2=" "><subfield code="8">01</subfield><subfield code="u">http://d-nb.info/1001463226/04</subfield><subfield code="y">Inhaltsverzeichnis</subfield></datafield><datafield tag="980" ind1="0" ind2=" "><subfield code="a">00204782</subfield><subfield code="9">(PHFR)</subfield><subfield code="b">3.OG (37)</subfield><subfield code="c">LP 19500 S313 (7)</subfield><subfield code="d">Standardleihe (01)</subfield><subfield code="e">Verfügbar (X)</subfield></datafield></record>