
<record><leader>02509nam a2200000uu 4500</leader><controlfield tag="001">02327825</controlfield><controlfield tag="003">DE-Frei129</controlfield><controlfield tag="005">20220811084046.0</controlfield><controlfield tag="007">tu</controlfield><controlfield tag="008">100621s2010    |||||||||m||||||||||ger||</controlfield><datafield tag="015" ind1=" " ind2=" "><subfield code="a">10,A19</subfield></datafield><datafield tag="016" ind1="7" ind2=" "><subfield code="a">100104777X</subfield><subfield code="2">DE-101</subfield></datafield><datafield tag="020" ind1=" " ind2=" "><subfield code="a">9783899599718</subfield><subfield code="9">978-3-89959-971-8</subfield><subfield code="c">kart. : EUR 33.90</subfield></datafield><datafield tag="024" ind1="3" ind2=" "><subfield code="a">9783899599718</subfield></datafield><datafield tag="035" ind1=" " ind2=" "><subfield code="a">(DE-576)623051486</subfield></datafield><datafield tag="041" ind1=" " ind2=" "><subfield code="a">ger</subfield></datafield><datafield tag="044" ind1=" " ind2=" "><subfield code="c">XA-DE-SH</subfield></datafield><datafield tag="100" ind1="1" ind2=" "><subfield code="a">Kostrzewa, Regina</subfield><subfield code="0">(DE-Frei129)00461169</subfield></datafield><datafield tag="245" ind1="1" ind2="0"><subfield code="a">Konzeptoptimierung eines alkoholpräventiven peer-Projektes anhand einer Evaluationsstudie</subfield><subfield code="c">E.-Regina Kostrzewa</subfield></datafield><datafield tag="260" ind1="3" ind2=" "><subfield code="a">Tönning; Lübeck; Marburg</subfield><subfield code="b">Der Andere Verl.</subfield><subfield code="c">2010</subfield></datafield><datafield tag="300" ind1=" " ind2=" "><subfield code="a">194  Seiten</subfield><subfield code="b">graph. Darst.</subfield></datafield><datafield tag="500" ind1=" " ind2=" "><subfield code="a">5090: ddsu/sred</subfield></datafield><datafield tag="852" ind1=" " ind2=" "><subfield code="a">Frei129</subfield><subfield code="c">Psy L 600: 286</subfield></datafield><datafield tag="856" ind1="4" ind2=" "><subfield code="8">00</subfield><subfield code="u">http://d-nb.info/100104777X/04</subfield><subfield code="y">Inhaltsverzeichnis</subfield></datafield><datafield tag="980" ind1="0" ind2=" "><subfield code="a">00212308</subfield><subfield code="9">(PHFR)</subfield><subfield code="b">EG-Anbau (32)</subfield><subfield code="c">Psy L 600: 286</subfield><subfield code="d">Standardleihe (01)</subfield><subfield code="e">Verfügbar (X)</subfield></datafield></record>