
<record><leader>05370nam a2200000uu 4500</leader><controlfield tag="001">02327785</controlfield><controlfield tag="003">DE-Frei129</controlfield><controlfield tag="005">20220811084047.0</controlfield><controlfield tag="007">tu</controlfield><controlfield tag="008">100324s2010    ||||||||||||||||||||ger||</controlfield><datafield tag="015" ind1=" " ind2=" "><subfield code="a">10,N12</subfield></datafield><datafield tag="016" ind1="7" ind2=" "><subfield code="a">1000879917</subfield><subfield code="2">DE-101</subfield></datafield><datafield tag="020" ind1=" " ind2=" "><subfield code="a">9783838200637</subfield><subfield code="9">9783838200637</subfield><subfield code="c">kart. : EUR 24.90</subfield></datafield><datafield tag="024" ind1="3" ind2=" "><subfield code="a">9783838200637</subfield></datafield><datafield tag="035" ind1=" " ind2=" "><subfield code="a">(DE-576)622491539</subfield></datafield><datafield tag="041" ind1=" " ind2=" "><subfield code="a">ger</subfield></datafield><datafield tag="044" ind1=" " ind2=" "><subfield code="c">XA-DE-BW</subfield></datafield><datafield tag="245" ind1="1" ind2="0"><subfield code="a">Lebenslanges Lernen - freudvoll und integral</subfield><subfield code="c">Daniela Michaelis ... (Hg.)</subfield></datafield><datafield tag="260" ind1="3" ind2=" "><subfield code="a">Stuttgart</subfield><subfield code="b">Ibidem-Verl.</subfield><subfield code="c">2010</subfield></datafield><datafield tag="300" ind1=" " ind2=" "><subfield code="a">138 Seiten</subfield><subfield code="b">Ill., graph. Darst.</subfield><subfield code="c">21 cm</subfield></datafield><datafield tag="490" ind1="1" ind2=" "><subfield code="a">Schriftenreihe zur integralen Pädagogik </subfield><subfield code="v">1</subfield></datafield><datafield tag="500" ind1=" " ind2=" "><subfield code="a">Literaturangaben</subfield></datafield><datafield tag="500" ind1=" " ind2=" "><subfield code="a">IMD-Felder maschinell generiert (GBV)</subfield></datafield><datafield tag="500" ind1=" " ind2=" "><subfield code="a">Archivierung/Langzeitarchivierung gewährleistet</subfield></datafield><datafield tag="650" ind1=" " ind2="7"><subfield code="a">Körpertherapie</subfield><subfield code="0">(DE-Frei129)00000970</subfield><subfield code="0">(DE-588)4114249-4</subfield><subfield code="2">gnd</subfield></datafield><datafield tag="650" ind1=" " ind2="7"><subfield code="a">Spiritualität</subfield><subfield code="0">(DE-Frei129)00008775</subfield><subfield code="0">(DE-588)4116568-8</subfield><subfield code="2">gnd</subfield></datafield><datafield tag="650" ind1=" " ind2="7"><subfield code="a">Lebenslanges Lernen</subfield><subfield code="0">(DE-Frei129)00048494</subfield><subfield code="0">(DE-588)4134373-6</subfield><subfield code="2">gnd</subfield></datafield><datafield tag="689" ind1="0" ind2="0"><subfield code="0">(DE-588)4114249-4</subfield><subfield code="D">s</subfield><subfield code="a">Körpertherapie </subfield></datafield><datafield tag="689" ind1="0" ind2="1"><subfield code="0">(DE-588)4116568-8</subfield><subfield code="D">s</subfield><subfield code="a">Spiritualität </subfield></datafield><datafield tag="689" ind1="0" ind2="2"><subfield code="0">(DE-588)4134373-6</subfield><subfield code="D">s</subfield><subfield code="a">Lebenslanges Lernen</subfield><subfield code="5">DE-101</subfield></datafield><datafield tag="700" ind1="1" ind2=" "><subfield code="0">(DE-588)121873269</subfield><subfield code="0">(DE-Frei129)00779007</subfield><subfield code="a">Michaelis, Daniela</subfield><subfield code="4">Hrsg.</subfield></datafield><datafield tag="830" ind1=" " ind2="0"><subfield code="a">Schriftenreihe zur integralen Pädagogik</subfield><subfield code="v">1</subfield><subfield code="w">(DE-Frei129)03019071</subfield><subfield code="9">11</subfield></datafield><datafield tag="852" ind1=" " ind2=" "><subfield code="a">Frei129</subfield><subfield code="c">Psy L 240: 190</subfield></datafield><datafield tag="856" ind1="4" ind2=" "><subfield code="8">00</subfield><subfield code="u">http://d-nb.info/1000879917/04</subfield><subfield code="y">Kurzbeschreibung des Verlags</subfield></datafield><datafield tag="856" ind1="4" ind2=" "><subfield code="8">01</subfield><subfield code="u">http://deposit.d-nb.de/cgi-bin/dokserv?id=3441716&amp;prov=M&amp;dok_var=1&amp;dok_ext=htm</subfield><subfield code="y">Verlagsinformation</subfield></datafield><datafield tag="856" ind1="4" ind2=" "><subfield code="8">02</subfield><subfield code="u">http://www.socialnet.de/rezensionen/isbn.php?isbn=978-3-8382-0063-7</subfield><subfield code="y">Rezension</subfield></datafield><datafield tag="856" ind1="4" ind2=" "><subfield code="8">03</subfield><subfield code="u">http://deposit.d-nb.de/cgi-bin/dokserv?id=3441716&amp;prov=M&amp;dok_var=1&amp;dok_ext=htm</subfield><subfield code="y">Verlagsinformation</subfield></datafield><datafield tag="856" ind1="4" ind2=" "><subfield code="8">04</subfield><subfield code="u">http://d-nb.info/1000879917/04</subfield><subfield code="y">Inhaltsverzeichnis</subfield></datafield><datafield tag="980" ind1="0" ind2=" "><subfield code="a">00204872</subfield><subfield code="9">(PHFR)</subfield><subfield code="b">EG-Anbau (32)</subfield><subfield code="c">Psy L 240: 190</subfield><subfield code="d">Standardleihe (01)</subfield><subfield code="e">Verfügbar (X)</subfield></datafield></record>