
<record><leader>05320nam a2200000uu 4500</leader><controlfield tag="001">02327772</controlfield><controlfield tag="003">DE-Frei129</controlfield><controlfield tag="005">20220811084047.0</controlfield><controlfield tag="007">tu</controlfield><controlfield tag="008">100324s2010    ||||||||||||||||||||ger||</controlfield><datafield tag="015" ind1=" " ind2=" "><subfield code="a">10,N12</subfield></datafield><datafield tag="016" ind1="7" ind2=" "><subfield code="a">1000908836</subfield><subfield code="2">DE-101</subfield></datafield><datafield tag="020" ind1=" " ind2=" "><subfield code="a">9783899588545</subfield><subfield code="9">9783899588545</subfield><subfield code="c">kart. : EUR 19.00</subfield></datafield><datafield tag="024" ind1="3" ind2=" "><subfield code="a">9783899588545</subfield></datafield><datafield tag="035" ind1=" " ind2=" "><subfield code="a">(DE-576)622494228</subfield></datafield><datafield tag="041" ind1=" " ind2=" "><subfield code="a">ger</subfield></datafield><datafield tag="044" ind1=" " ind2=" "><subfield code="c">XA-DE-HE</subfield></datafield><datafield tag="100" ind1="1" ind2=" "><subfield code="a">Bünning, Frank</subfield><subfield code="0">(DE-Frei129)00950960</subfield><subfield code="0">(DE-588)121817695</subfield></datafield><datafield tag="245" ind1="1" ind2="0"><subfield code="a">Education for sustainable development und didaktische Gestaltungsansätze in der Berufsbildung</subfield><subfield code="b">Potentialanalyse didaktischer Modellvorstellungen hinsichtlich der Umsetzung des Konzepts education for sustainable development</subfield><subfield code="c">Frank Bünning; Julia Lettmann</subfield></datafield><datafield tag="260" ind1="3" ind2=" "><subfield code="a">Kassel,</subfield><subfield code="b">Kassel Univertity Press</subfield><subfield code="c">c 2010</subfield></datafield><datafield tag="300" ind1=" " ind2=" "><subfield code="a">VI, 113 Seiten</subfield><subfield code="b">graph. Darst</subfield><subfield code="c">21 cm, 160 gr.</subfield></datafield><datafield tag="500" ind1=" " ind2=" "><subfield code="a">Zusätzliches Online-Angebot unter http://nbn-resolving.de/urn:nbn:de:0002-8558</subfield></datafield><datafield tag="500" ind1=" " ind2=" "><subfield code="a">IMD-Felder maschinell generiert (GBV)</subfield></datafield><datafield tag="501" ind1=" " ind2=" "><subfield code="a">Literaturverz. S. 106 - 113</subfield></datafield><datafield tag="650" ind1=" " ind2="7"><subfield code="a">Berufsbildung</subfield><subfield code="0">(DE-Frei129)00003354</subfield><subfield code="0">(DE-588)4069342-9</subfield><subfield code="2">gnd</subfield></datafield><datafield tag="650" ind1=" " ind2="7"><subfield code="a">Nachhaltigkeit</subfield><subfield code="0">(DE-Frei129)00090238</subfield><subfield code="0">(DE-588)4326464-5</subfield><subfield code="2">gnd</subfield></datafield><datafield tag="650" ind1=" " ind2="7"><subfield code="a">Online-Ressource</subfield><subfield code="0">(DE-Frei129)00103351</subfield><subfield code="0">(DE-588)4511937-5</subfield><subfield code="2">gnd</subfield></datafield><datafield tag="689" ind1="0" ind2="0"><subfield code="0">(DE-588)4069342-9</subfield><subfield code="D">s</subfield><subfield code="a">Berufsbildung </subfield></datafield><datafield tag="689" ind1="0" ind2="1"><subfield code="0">(DE-588)4326464-5</subfield><subfield code="D">s</subfield><subfield code="a">Nachhaltigkeit</subfield><subfield code="5">DE-101</subfield></datafield><datafield tag="689" ind1="1" ind2="0"><subfield code="0">(DE-588)4069342-9</subfield><subfield code="D">s</subfield><subfield code="a">Berufsbildung </subfield></datafield><datafield tag="689" ind1="1" ind2="1"><subfield code="0">(DE-588)4326464-5</subfield><subfield code="D">s</subfield><subfield code="a">Nachhaltigkeit </subfield></datafield><datafield tag="689" ind1="1" ind2="2"><subfield code="0">(DE-588)4511937-5</subfield><subfield code="D">s</subfield><subfield code="a">Online-Ressource</subfield><subfield code="5">DE-101</subfield></datafield><datafield tag="700" ind1="1" ind2=" "><subfield code="0">(DE-Frei129)00808541</subfield><subfield code="a">Lettmann, Julia</subfield><subfield code="4">aut</subfield></datafield><datafield tag="852" ind1=" " ind2=" "><subfield code="a">Frei129</subfield><subfield code="c">Bio F 630: 497</subfield></datafield><datafield tag="856" ind1="4" ind2=" "><subfield code="8">00</subfield><subfield code="u">http://www.upress.uni-kassel.de/publi/abstract.php?978-3-89958-854-5</subfield><subfield code="y">Inhaltstext</subfield></datafield><datafield tag="856" ind1="4" ind2=" "><subfield code="8">01</subfield><subfield code="u">http://deposit.d-nb.de/cgi-bin/dokserv?id=3442167&amp;prov=M&amp;dok_var=1&amp;dok_ext=htm</subfield><subfield code="y">Verlagsinformation</subfield></datafield><datafield tag="856" ind1="4" ind2=" "><subfield code="8">02</subfield><subfield code="u">http://d-nb.info/1000908836/04</subfield><subfield code="y">Kurzbeschreibung des Verlags</subfield></datafield><datafield tag="980" ind1="0" ind2=" "><subfield code="a">00216718</subfield><subfield code="9">(PHFR)</subfield><subfield code="b">UG (33)</subfield><subfield code="c">Bio F 630: 497</subfield><subfield code="d">Standardleihe (01)</subfield><subfield code="e">Verfügbar (X)</subfield></datafield></record>