
<record><leader>03375nam a2200000uu 4500</leader><controlfield tag="001">02327763</controlfield><controlfield tag="003">DE-Frei129</controlfield><controlfield tag="005">20220811084047.0</controlfield><controlfield tag="007">tu</controlfield><controlfield tag="008">100616s2010    ||||||||||||||||||||ger||</controlfield><datafield tag="015" ind1=" " ind2=" "><subfield code="a">10,B21</subfield></datafield><datafield tag="016" ind1="7" ind2=" "><subfield code="a">1000957780</subfield><subfield code="2">DE-101</subfield></datafield><datafield tag="020" ind1=" " ind2=" "><subfield code="a">9783932082375</subfield><subfield code="9">9783932082375</subfield><subfield code="c">geh. : EUR 5.00</subfield></datafield><datafield tag="024" ind1="3" ind2=" "><subfield code="a">9783932082375</subfield></datafield><datafield tag="035" ind1=" " ind2=" "><subfield code="a">(DE-576)1394392877</subfield></datafield><datafield tag="041" ind1=" " ind2=" "><subfield code="a">ger</subfield></datafield><datafield tag="044" ind1=" " ind2=" "><subfield code="c">XA-DE-NI</subfield></datafield><datafield tag="245" ind1="1" ind2="0"><subfield code="a">Gib dem Hass keine Chance - Neo-Nazis enttarnen!</subfield><subfield code="b">Arbeitshilfe und Dokumentation für den kirchlichen und schulischen Unterricht zum Thema Rechtsextremismus</subfield><subfield code="c">Haus Kirchlicher Dienste der Ev.-Luth. Landeskirche Hannovers; Bildungsvereinigung Arbeit und Leben Niedersachsen. Klaus J. Burckhardt; Reinhard Koch (Hrsg.)</subfield></datafield><datafield tag="260" ind1="3" ind2=" "><subfield code="a">Braunschweig</subfield><subfield code="b">Arbeitsstelle Rechtsextremismus und Gewalt</subfield><subfield code="c">2010</subfield></datafield><datafield tag="300" ind1=" " ind2=" "><subfield code="a">67 Seiten</subfield><subfield code="b">Ill.</subfield><subfield code="c">30 cm, 230 gr.</subfield><subfield code="e">1 DVD-ROM (12 cm)</subfield></datafield><datafield tag="490" ind1="0" ind2=" "><subfield code="a">Arbeitshilfe / Arbeitsstelle Rechtsextremismus und Gewalt</subfield></datafield><datafield tag="490" ind1="1" ind2=" "><subfield code="a">Konzepte für Demokratie und Toleranz </subfield><subfield code="v">Bd. 4</subfield></datafield><datafield tag="700" ind1="1" ind2=" "><subfield code="0">(DE-Frei129)00458759</subfield><subfield code="a">Burckhardt, Klaus J.</subfield><subfield code="4">Hrsg.</subfield></datafield><datafield tag="830" ind1=" " ind2="0"><subfield code="a">Konzepte für Demokratie und Toleranz</subfield><subfield code="v">Bd. 4</subfield><subfield code="w">(DE-Frei129)07007787</subfield><subfield code="9">14</subfield></datafield><datafield tag="852" ind1=" " ind2=" "><subfield code="a">Frei 129</subfield><subfield code="b">PHFR</subfield><subfield code="c">BU 5300 B948</subfield></datafield><datafield tag="856" ind1="4" ind2=" "><subfield code="8">00</subfield><subfield code="u">http://deposit.d-nb.de/cgi-bin/dokserv?id=3443054&amp;prov=M&amp;dok_var=1&amp;dok_ext=htm</subfield><subfield code="y">Inhaltstext</subfield></datafield><datafield tag="980" ind1="0" ind2=" "><subfield code="a">00204886</subfield><subfield code="9">(PHFR)</subfield><subfield code="b">UG (33)</subfield><subfield code="c">BU 5300 B948</subfield><subfield code="d">Standardleihe (01)</subfield><subfield code="e">Verfügbar (X)</subfield></datafield></record>