
<record><leader>02545nam a2200000uu 4500</leader><controlfield tag="001">02327755</controlfield><controlfield tag="003">DE-Frei129</controlfield><controlfield tag="005">20220811084047.0</controlfield><controlfield tag="007">tu</controlfield><controlfield tag="008">100616s2010    ||||||||||||||||||||ger||</controlfield><datafield tag="015" ind1=" " ind2=" "><subfield code="a">10,A12</subfield></datafield><datafield tag="016" ind1="7" ind2=" "><subfield code="a">999950606</subfield><subfield code="2">DE-101</subfield></datafield><datafield tag="020" ind1=" " ind2=" "><subfield code="a">9783834432421</subfield><subfield code="9">9783834432421</subfield><subfield code="c">kart. : EUR 24.90, sfr 42.70 (freier Pr.)</subfield></datafield><datafield tag="024" ind1="3" ind2=" "><subfield code="a">9783834432421</subfield></datafield><datafield tag="035" ind1=" " ind2=" "><subfield code="a">(DE-576)160356313X</subfield></datafield><datafield tag="041" ind1=" " ind2=" "><subfield code="a">ger</subfield></datafield><datafield tag="044" ind1=" " ind2=" "><subfield code="c">XA-DE-NI</subfield></datafield><datafield tag="245" ind1="1" ind2="0"><subfield code="a">Rätsel für den Geschichtsunterricht</subfield><subfield code="b">Mittelalter; [5. - 10. Klasse]</subfield><subfield code="c">Elisabeth Höhn</subfield></datafield><datafield tag="250" ind1=" " ind2=" "><subfield code="a">1. Aufl.</subfield></datafield><datafield tag="260" ind1="3" ind2=" "><subfield code="a">Buxtehude</subfield><subfield code="b">Persen</subfield><subfield code="c">2010</subfield></datafield><datafield tag="300" ind1=" " ind2=" "><subfield code="a">120 Seiten</subfield><subfield code="b">Ill.</subfield><subfield code="c">30 cm</subfield></datafield><datafield tag="490" ind1="0" ind2=" "><subfield code="a">Bergedorfer Unterrichtsideen</subfield></datafield><datafield tag="700" ind1="1" ind2=" "><subfield code="0">(DE-588)12932499X</subfield><subfield code="0">(DE-Frei129)00141783</subfield><subfield code="a">Höhn, Elisabeth</subfield><subfield code="4">aut</subfield></datafield><datafield tag="852" ind1=" " ind2=" "><subfield code="a">Frei 129</subfield><subfield code="b">PHFR</subfield><subfield code="c">NB 8800 H693</subfield></datafield><datafield tag="980" ind1="0" ind2=" "><subfield code="a">00212412</subfield><subfield code="9">(PHFR)</subfield><subfield code="b">UG (33)</subfield><subfield code="c">NB 8800 H693</subfield><subfield code="d">Standardleihe (01)</subfield><subfield code="e">Verfügbar (X)</subfield></datafield></record>