
<record><leader>05034nam a2200000uu 4500</leader><controlfield tag="001">02327749</controlfield><controlfield tag="003">DE-Frei129</controlfield><controlfield tag="005">20220811084047.0</controlfield><controlfield tag="007">tu</controlfield><controlfield tag="008">091202s2010    ||||||||||||||||||||ger||</controlfield><datafield tag="015" ind1=" " ind2=" "><subfield code="a">10,A12</subfield></datafield><datafield tag="016" ind1="7" ind2=" "><subfield code="a">998095737</subfield><subfield code="2">DE-101</subfield></datafield><datafield tag="020" ind1=" " ind2=" "><subfield code="a">9783746625942</subfield><subfield code="9">9783746625942</subfield><subfield code="c">kart. : EUR 9.95 (DE), EUR 10.30 (AT)</subfield></datafield><datafield tag="024" ind1="3" ind2=" "><subfield code="a">9783746625942</subfield></datafield><datafield tag="035" ind1=" " ind2=" "><subfield code="a">(DE-576)61411456X</subfield></datafield><datafield tag="041" ind1=" " ind2=" "><subfield code="a">ger</subfield><subfield code="h">eng</subfield></datafield><datafield tag="044" ind1=" " ind2=" "><subfield code="c">XA-DE-BE</subfield></datafield><datafield tag="100" ind1="1" ind2=" "><subfield code="a">Twain, Mark</subfield><subfield code="0">(DE-Frei129)00056406</subfield><subfield code="0">(DE-588)118624822</subfield></datafield><datafield tag="245" ind1="1" ind2="0"><subfield code="a">Tom Sawyers Abenteuer</subfield><subfield code="b">Roman</subfield><subfield code="c">Mark Twain. Aus dem Amerikan. von Lore Krüger. Mit einem Nachw. von Alexander Pechmann</subfield></datafield><datafield tag="246" ind1="1" ind2="3"><subfield code="a">The adventures of Tom Sawyer</subfield></datafield><datafield tag="250" ind1=" " ind2=" "><subfield code="a">1. Aufl.</subfield></datafield><datafield tag="260" ind1="3" ind2=" "><subfield code="a">Berlin</subfield><subfield code="b">Aufbau-Taschenbuch</subfield><subfield code="c">2010</subfield></datafield><datafield tag="300" ind1=" " ind2=" "><subfield code="a">287 Seiten</subfield><subfield code="c">20 cm</subfield></datafield><datafield tag="490" ind1="0" ind2=" "><subfield code="a">Aufbau-Taschenbuch </subfield><subfield code="v">2594</subfield></datafield><datafield tag="500" ind1=" " ind2=" "><subfield code="a">Die vorliegende Übers. ersch. erstmals 1962 als Bd. 4 der Ausgewählten Werke Marks Twains in 12 Bänden, hrsg. von Karl-Heinz Schönfelder, im Aufbau-Verl. Berlin</subfield></datafield><datafield tag="500" ind1=" " ind2=" "><subfield code="a">IMD-Felder maschinell generiert (GBV)</subfield></datafield><datafield tag="648" ind1=" " ind2="7"><subfield code="a">Geschichte 1850</subfield><subfield code="0">(DE-Frei129)00086130</subfield><subfield code="2">local</subfield></datafield><datafield tag="650" ind1=" " ind2="7"><subfield code="a">Waisenkind</subfield><subfield code="0">(DE-Frei129)00010881</subfield><subfield code="0">(DE-588)4139277-2</subfield><subfield code="2">gnd</subfield></datafield><datafield tag="650" ind1=" " ind2="7"><subfield code="a">Abenteuer</subfield><subfield code="0">(DE-Frei129)00052686</subfield><subfield code="0">(DE-588)4141014-2</subfield><subfield code="2">gnd</subfield></datafield><datafield tag="651" ind1=" " ind2="7"><subfield code="a">Mississippidelta</subfield><subfield code="0">(DE-Frei129)00034674</subfield><subfield code="0">(DE-588)4101030-9</subfield><subfield code="2">gnd</subfield></datafield><datafield tag="689" ind1="0" ind2="0"><subfield code="0">(DE-588)4101030-9</subfield><subfield code="D">g</subfield><subfield code="a">Mississippidelta </subfield></datafield><datafield tag="689" ind1="0" ind2="1"><subfield code="0">(DE-588)4139277-2</subfield><subfield code="D">s</subfield><subfield code="a">Waisenkind </subfield></datafield><datafield tag="689" ind1="0" ind2="2"><subfield code="0">(DE-588)4141014-2</subfield><subfield code="D">s</subfield><subfield code="a">Abenteuer </subfield></datafield><datafield tag="689" ind1="0" ind2="3"><subfield code="A">s</subfield><subfield code="a">Geschichte 1850</subfield><subfield code="5">DE-101</subfield></datafield><datafield tag="700" ind1="1" ind2=" "><subfield code="0">(DE-588)136832792</subfield><subfield code="0">(DE-Frei129)01287097</subfield><subfield code="a">Krüger, Lore</subfield><subfield code="4">Übers.</subfield></datafield><datafield tag="700" ind1="1" ind2=" "><subfield code="0">(DE-588)123300037</subfield><subfield code="0">(DE-Frei129)00430292</subfield><subfield code="a">Pechmann, Alexander</subfield><subfield code="4">Nachr.</subfield></datafield><datafield tag="852" ind1=" " ind2=" "><subfield code="a">Frei 129</subfield><subfield code="b">PHFR</subfield><subfield code="c">HT 4704 T655 K9</subfield></datafield><datafield tag="980" ind1="0" ind2=" "><subfield code="a">00216652</subfield><subfield code="9">(PHFR)</subfield><subfield code="b">2.OG (35)</subfield><subfield code="c">HT 4704 T655 K9</subfield><subfield code="d">Standardleihe (01)</subfield><subfield code="e">Verfügbar (X)</subfield></datafield></record>