
<record><leader>05353nam a2200000uu 4500</leader><controlfield tag="001">02327728</controlfield><controlfield tag="003">DE-Frei129</controlfield><controlfield tag="005">20220811084047.0</controlfield><controlfield tag="007">tu</controlfield><controlfield tag="008">100422s2010    ||||||||||||||||||||ger||</controlfield><datafield tag="015" ind1=" " ind2=" "><subfield code="a">10,N16</subfield></datafield><datafield tag="016" ind1="7" ind2=" "><subfield code="a">1001546571</subfield><subfield code="2">DE-101</subfield></datafield><datafield tag="020" ind1=" " ind2=" "><subfield code="a">9783831609772</subfield><subfield code="9">9783831609772</subfield><subfield code="c">kart. : EUR 55.00, sfr 80.00 (freier Pr.)</subfield></datafield><datafield tag="024" ind1="3" ind2=" "><subfield code="a">9783831609772</subfield></datafield><datafield tag="035" ind1=" " ind2=" "><subfield code="a">(DE-576)624461726</subfield></datafield><datafield tag="041" ind1=" " ind2=" "><subfield code="a">ger</subfield></datafield><datafield tag="044" ind1=" " ind2=" "><subfield code="c">XA-DE-BY</subfield></datafield><datafield tag="245" ind1="1" ind2="0"><subfield code="a">Bildungskultur und Soziale Arbeit</subfield><subfield code="b">vom stellvertretenden Verstehen zum gelingenden Handeln</subfield><subfield code="c">Sandro Thomas Bliemetsrieder; Bianca Boenisch; Hildegard Stumpf (Hrsg.). Mit Beitr. von Maria-Anna Bäuml-Roßnagl ...</subfield></datafield><datafield tag="260" ind1="3" ind2=" "><subfield code="a">München</subfield><subfield code="b">Utz</subfield><subfield code="c">2010</subfield></datafield><datafield tag="300" ind1=" " ind2=" "><subfield code="a">362 Seiten</subfield><subfield code="b">graph. Darst.</subfield><subfield code="c">20.5 cm x 14.5 cm</subfield></datafield><datafield tag="490" ind1="0" ind2=" "><subfield code="a">Utz Wissenschaft</subfield></datafield><datafield tag="490" ind1="1" ind2=" "><subfield code="a">Schriften zur Interdisziplinären Bildungsdidaktik </subfield><subfield code="v">19</subfield></datafield><datafield tag="500" ind1=" " ind2=" "><subfield code="a">Literaturangaben</subfield></datafield><datafield tag="500" ind1=" " ind2=" "><subfield code="a">IMD-Felder maschinell generiert (GBV)</subfield></datafield><datafield tag="650" ind1=" " ind2="7"><subfield code="a">Bildungsarbeit</subfield><subfield code="0">(DE-Frei129)00030140</subfield><subfield code="0">(DE-588)4112760-2</subfield><subfield code="2">gnd</subfield></datafield><datafield tag="650" ind1=" " ind2="7"><subfield code="a">Sozialarbeit</subfield><subfield code="0">(DE-Frei129)00008803</subfield><subfield code="0">(DE-588)4055676-1</subfield><subfield code="2">gnd</subfield></datafield><datafield tag="689" ind1="0" ind2="0"><subfield code="0">(DE-588)4112760-2</subfield><subfield code="D">s</subfield><subfield code="a">Bildungsarbeit </subfield></datafield><datafield tag="689" ind1="0" ind2="1"><subfield code="0">(DE-588)4055676-1</subfield><subfield code="D">s</subfield><subfield code="a">Sozialarbeit</subfield><subfield code="5">DE-101</subfield></datafield><datafield tag="700" ind1="1" ind2=" "><subfield code="0">(DE-588)1112961968</subfield><subfield code="0">(DE-Frei129)07003222</subfield><subfield code="a">Bliemetsrieder, Sandro</subfield><subfield code="4">Hrsg.</subfield></datafield><datafield tag="700" ind1="1" ind2=" "><subfield code="0">(DE-Frei129)58131875</subfield><subfield code="a">Boenisch, Bianca</subfield><subfield code="4">Hrsg.</subfield></datafield><datafield tag="700" ind1="1" ind2=" "><subfield code="0">(DE-588)1169683827</subfield><subfield code="0">(DE-Frei129)58131314</subfield><subfield code="a">Stumpf, Hildegard</subfield><subfield code="4">Hrsg.</subfield></datafield><datafield tag="700" ind1="1" ind2=" "><subfield code="0">(DE-588)13019929X</subfield><subfield code="0">(DE-Frei129)00074292</subfield><subfield code="a">Bäuml-Roßnagl, Maria-Anna</subfield><subfield code="4">oth</subfield></datafield><datafield tag="830" ind1=" " ind2="0"><subfield code="a">Schriften zur interdisziplinären Bildungsdidaktik</subfield><subfield code="v">19</subfield><subfield code="w">(DE-Frei129)00274631</subfield><subfield code="9">219</subfield></datafield><datafield tag="852" ind1=" " ind2=" "><subfield code="a">Frei129</subfield><subfield code="c">Paed U 20: 117</subfield></datafield><datafield tag="856" ind1="4" ind2=" "><subfield code="8">00</subfield><subfield code="u">http://deposit.d-nb.de/cgi-bin/dokserv?id=3454213&amp;prov=M&amp;dok_var=1&amp;dok_ext=htm</subfield><subfield code="y">Inhaltstext</subfield></datafield><datafield tag="856" ind1="4" ind2=" "><subfield code="8">01</subfield><subfield code="u">http://d-nb.info/1001546571/04</subfield><subfield code="y">Inhaltsverzeichnis</subfield></datafield><datafield tag="856" ind1="4" ind2=" "><subfield code="8">02</subfield><subfield code="u">http://deposit.d-nb.de/cgi-bin/dokserv?id=3454213&amp;prov=M&amp;dok_var=1&amp;dok_ext=htm</subfield><subfield code="y">Inhaltstext</subfield></datafield><datafield tag="980" ind1="0" ind2=" "><subfield code="a">00204924</subfield><subfield code="9">(PHFR)</subfield><subfield code="b">EG-Anbau (32)</subfield><subfield code="c">Paed U 20: 117</subfield><subfield code="d">Standardleihe (01)</subfield><subfield code="e">Verfügbar (X)</subfield></datafield></record>