
<record><leader>03891nam a2200000uu 4500</leader><controlfield tag="001">02327725</controlfield><controlfield tag="003">DE-Frei129</controlfield><controlfield tag="005">20220811084047.0</controlfield><controlfield tag="007">tu</controlfield><controlfield tag="008">091202s2010    ||||||||||||||||||||ger||</controlfield><datafield tag="015" ind1=" " ind2=" "><subfield code="a">09,N50,0529</subfield></datafield><datafield tag="016" ind1="7" ind2=" "><subfield code="a">998415138</subfield><subfield code="2">DE-101</subfield></datafield><datafield tag="020" ind1=" " ind2=" "><subfield code="a">9783150187258</subfield><subfield code="9">9783150187258</subfield><subfield code="c">kart. : EUR 5.80, ca. EUR 5.20 (AT), ca. sfr 9.30 (freier Pr.)</subfield></datafield><datafield tag="024" ind1="3" ind2=" "><subfield code="a">9783150187258</subfield></datafield><datafield tag="035" ind1=" " ind2=" "><subfield code="a">(DE-576)61412381X</subfield></datafield><datafield tag="041" ind1=" " ind2=" "><subfield code="a">ger</subfield></datafield><datafield tag="044" ind1=" " ind2=" "><subfield code="c">XA-DE-BW</subfield></datafield><datafield tag="100" ind1="1" ind2=" "><subfield code="a">Fiedler, Peter</subfield><subfield code="0">(DE-Frei129)00015091</subfield><subfield code="0">(DE-588)11544338X</subfield></datafield><datafield tag="245" ind1="1" ind2="0"><subfield code="a">Sexualität</subfield><subfield code="c">Peter Fiedler</subfield></datafield><datafield tag="260" ind1="3" ind2=" "><subfield code="a">Stuttgart</subfield><subfield code="b">Reclam</subfield><subfield code="c">2010</subfield></datafield><datafield tag="300" ind1=" " ind2=" "><subfield code="a">200 Seiten</subfield><subfield code="c">15 cm</subfield></datafield><datafield tag="490" ind1="0" ind2=" "><subfield code="a">Reclams Universal-Bibliothek </subfield><subfield code="v">Nr. 18725</subfield></datafield><datafield tag="490" ind1="0" ind2=" "><subfield code="a">Reclam-Sachbuch</subfield></datafield><datafield tag="500" ind1=" " ind2=" "><subfield code="a">Literaturangaben</subfield></datafield><datafield tag="500" ind1=" " ind2=" "><subfield code="a">IMD-Felder maschinell generiert (GBV)</subfield></datafield><datafield tag="500" ind1=" " ind2=" "><subfield code="a">Archivierung/Langzeitarchivierung gewährleistet</subfield></datafield><datafield tag="650" ind1=" " ind2="7"><subfield code="a">Sexualverhalten</subfield><subfield code="0">(DE-Frei129)00004111</subfield><subfield code="0">(DE-588)4116485-4</subfield><subfield code="2">gnd</subfield></datafield><datafield tag="689" ind1="0" ind2="0"><subfield code="0">(DE-588)4116485-4</subfield><subfield code="D">s</subfield><subfield code="a">Sexualverhalten</subfield><subfield code="5">DE-101</subfield></datafield><datafield tag="852" ind1=" " ind2=" "><subfield code="a">Frei129</subfield><subfield code="c">Psy K 700: 40</subfield></datafield><datafield tag="856" ind1="4" ind2=" "><subfield code="8">00</subfield><subfield code="u">http://deposit.d-nb.de/cgi-bin/dokserv?id=3380252&amp;prov=M&amp;dok_var=1&amp;dok_ext=htm</subfield><subfield code="y">Inhaltstext</subfield></datafield><datafield tag="856" ind1="4" ind2=" "><subfield code="8">01</subfield><subfield code="u">http://d-nb.info/998415138/04</subfield><subfield code="y">Verlagsinformation</subfield></datafield><datafield tag="856" ind1="4" ind2=" "><subfield code="8">02</subfield><subfield code="u">http://deposit.d-nb.de/cgi-bin/dokserv?id=3380252&amp;prov=M&amp;dok_var=1&amp;dok_ext=htm</subfield><subfield code="y">Inhaltstext</subfield></datafield><datafield tag="980" ind1="0" ind2=" "><subfield code="a">00439830</subfield><subfield code="9">(PHFR)</subfield><subfield code="b">EG-Anbau (32)</subfield><subfield code="c">Psy K 700: 40</subfield><subfield code="d">Standardleihe (01)</subfield><subfield code="e">Verfügbar (X)</subfield></datafield></record>