
<record><leader>02471nam a2200000uuc4500</leader><controlfield tag="001">02327721</controlfield><controlfield tag="003">DE-Frei129</controlfield><controlfield tag="005">20220811084047.0</controlfield><controlfield tag="007">tu</controlfield><controlfield tag="008">100616s2010    ||||||||||||||||||||eng||</controlfield><datafield tag="020" ind1=" " ind2=" "><subfield code="a">9780321615435</subfield><subfield code="9">9780321615435</subfield></datafield><datafield tag="035" ind1=" " ind2=" "><subfield code="a">(DE-576)1394367988</subfield></datafield><datafield tag="041" ind1=" " ind2=" "><subfield code="a">eng</subfield></datafield><datafield tag="100" ind1="1" ind2=" "><subfield code="a">Pretes, Michael</subfield><subfield code="0">(DE-Frei129)00802110</subfield><subfield code="4">aut</subfield></datafield><datafield tag="245" ind1="1" ind2="0"><subfield code="a">Human geography</subfield><subfield code="b">places and regions in global context</subfield><subfield code="n">Study guide</subfield><subfield code="p">Study guide / Michael Pretes</subfield><subfield code="c">Paul L. Knox; Sallie A, Marston</subfield></datafield><datafield tag="250" ind1=" " ind2=" "><subfield code="a">5. ed.</subfield></datafield><datafield tag="260" ind1="3" ind2=" "><subfield code="a">Upper Saddle River, NJ</subfield><subfield code="b">Pearson Prentice Hall</subfield><subfield code="c">2010</subfield></datafield><datafield tag="300" ind1=" " ind2=" "><subfield code="a">VII, 212 Seiten</subfield></datafield><datafield tag="773" ind1="0" ind2="8"><subfield code="w">(DE-Frei129)02263228</subfield><subfield code="q">STUDY GUIDE</subfield></datafield><datafield tag="852" ind1=" " ind2=" "><subfield code="a">Frei 129</subfield><subfield code="b">PHFR</subfield><subfield code="c">RB 10558 K74 -S(5)</subfield></datafield><datafield tag="980" ind1="0" ind2=" "><subfield code="a">00014203</subfield><subfield code="9">(PHFR)</subfield><subfield code="b">EG-Anbau (32)</subfield><subfield code="c">RB 10558 K74 -S(5)</subfield><subfield code="d">Standardleihe (01)</subfield><subfield code="e">Verfügbar (X)</subfield></datafield><datafield tag="980" ind1="0" ind2=" "><subfield code="a">00286176</subfield><subfield code="9">(PHFR)</subfield><subfield code="b">Handbibliothek (50)</subfield><subfield code="c">Geo C 50: 54 SG</subfield><subfield code="d">Handbibliothek - nie verleihbar (54)</subfield><subfield code="e">Verfügbar (X)</subfield></datafield></record>