
<record><leader>02860nam a2200000uuc4500</leader><controlfield tag="001">02327720</controlfield><controlfield tag="003">DE-Frei129</controlfield><controlfield tag="005">20220811084047.0</controlfield><controlfield tag="007">tu</controlfield><controlfield tag="008">100616s2010    |||||||||||||||||||||||||</controlfield><datafield tag="020" ind1=" " ind2=" "><subfield code="a">0321561864</subfield><subfield code="9">0321561864</subfield><subfield code="c">(pbk.) : £48.99</subfield></datafield><datafield tag="020" ind1=" " ind2=" "><subfield code="a">9780321561862</subfield><subfield code="9">9780321561862</subfield><subfield code="c">(pbk.) : £48.99</subfield></datafield><datafield tag="035" ind1=" " ind2=" "><subfield code="a">(DE-576)139436587X</subfield></datafield><datafield tag="100" ind1="1" ind2=" "><subfield code="a">Knox, Paul L.</subfield><subfield code="0">(DE-Frei129)00029522</subfield><subfield code="0">(DE-588)123288347</subfield><subfield code="4">aut</subfield></datafield><datafield tag="245" ind1="1" ind2="0"><subfield code="a">Human geography</subfield><subfield code="b">places and regions in global context</subfield><subfield code="n">[Hauptbd.]</subfield><subfield code="c">Paul L. Knox; Sallie A, Marston</subfield></datafield><datafield tag="250" ind1=" " ind2=" "><subfield code="a">International ed., 5th ed.</subfield></datafield><datafield tag="260" ind1="3" ind2=" "><subfield code="a">Upper Saddle River, NJ</subfield><subfield code="b">Pearson Education</subfield><subfield code="c">c2010</subfield></datafield><datafield tag="300" ind1=" " ind2=" "><subfield code="a">XXI, 515 Seiten</subfield><subfield code="c">28 cm</subfield></datafield><datafield tag="650" ind1=" " ind2="7"><subfield code="a">Human geography</subfield><subfield code="0">(DE-Frei129)01799159</subfield><subfield code="2">local</subfield></datafield><datafield tag="689" ind1="0" ind2="0"><subfield code="A">s</subfield><subfield code="a">Human geography</subfield><subfield code="5">DE-101</subfield></datafield><datafield tag="700" ind1="1" ind2=" "><subfield code="0">(DE-Frei129)00125011</subfield><subfield code="a">Marston, Sallie A.</subfield><subfield code="4">aut</subfield></datafield><datafield tag="773" ind1="0" ind2="8"><subfield code="w">(DE-Frei129)02263228</subfield><subfield code="q">[HAUPTBD.]</subfield></datafield><datafield tag="852" ind1=" " ind2=" "><subfield code="a">Frei 129</subfield><subfield code="b">PHFR</subfield><subfield code="c">RB 10558 K74 (5)</subfield></datafield><datafield tag="980" ind1="0" ind2=" "><subfield code="a">00286177</subfield><subfield code="9">(PHFR)</subfield><subfield code="b">Handbibliothek (50)</subfield><subfield code="c">Geo C 50: 54</subfield><subfield code="d">Handbibliothek - nie verleihbar (54)</subfield><subfield code="e">Verfügbar (X)</subfield></datafield></record>