
<record><leader>05171nam a2200000uu 4500</leader><controlfield tag="001">02327707</controlfield><controlfield tag="003">DE-Frei129</controlfield><controlfield tag="005">20220811084047.0</controlfield><controlfield tag="007">tu</controlfield><controlfield tag="008">100422s2010    ||||||||||||||||||||ger||</controlfield><datafield tag="015" ind1=" " ind2=" "><subfield code="a">10,N16</subfield></datafield><datafield tag="016" ind1="7" ind2=" "><subfield code="a">1001625714</subfield><subfield code="2">DE-101</subfield></datafield><datafield tag="020" ind1=" " ind2=" "><subfield code="a">9783932376627</subfield><subfield code="9">9783932376627</subfield><subfield code="c">PB. : EUR 14.90</subfield></datafield><datafield tag="024" ind1="3" ind2=" "><subfield code="a">9783932376627</subfield></datafield><datafield tag="035" ind1=" " ind2=" "><subfield code="a">(DE-576)62447013X</subfield></datafield><datafield tag="041" ind1=" " ind2=" "><subfield code="a">ger</subfield></datafield><datafield tag="044" ind1=" " ind2=" "><subfield code="c">XA-DE-BY</subfield></datafield><datafield tag="245" ind1="1" ind2="0"><subfield code="a">Jugendliche am Absaufen - Jugendhilfe am Abtauchen?... und es gibt sie doch: Alkoholprävention!</subfield><subfield code="b">Nürnberger Forum der Kinder- und Jugendarbeit 2009</subfield><subfield code="c">Bernd Kammerer ;  Kurt Gref (Hrsg.)</subfield></datafield><datafield tag="260" ind1="3" ind2=" "><subfield code="a">Nürnberg</subfield><subfield code="b">emwe-Verl.</subfield><subfield code="c">2010</subfield></datafield><datafield tag="300" ind1=" " ind2=" "><subfield code="a">240 Seiten</subfield><subfield code="b">Ill., graf. Darst</subfield><subfield code="c">210 mm x 150 mm, 315 gr.</subfield></datafield><datafield tag="500" ind1=" " ind2=" "><subfield code="a">Konferenzschrift, 2009</subfield></datafield><datafield tag="500" ind1=" " ind2=" "><subfield code="a">Nürnberg</subfield></datafield><datafield tag="500" ind1=" " ind2=" "><subfield code="a">Literaturangaben</subfield></datafield><datafield tag="500" ind1=" " ind2=" "><subfield code="a">IMD-Felder maschinell generiert (GBV)</subfield></datafield><datafield tag="650" ind1=" " ind2="7"><subfield code="a">Jugend</subfield><subfield code="0">(DE-Frei129)00001631</subfield><subfield code="0">(DE-588)4028859-6</subfield><subfield code="2">gnd</subfield></datafield><datafield tag="650" ind1=" " ind2="7"><subfield code="a">Alkoholismus</subfield><subfield code="0">(DE-Frei129)00001021</subfield><subfield code="0">(DE-588)4001220-7</subfield><subfield code="2">gnd</subfield></datafield><datafield tag="650" ind1=" " ind2="7"><subfield code="a">Prävention</subfield><subfield code="0">(DE-Frei129)00031628</subfield><subfield code="0">(DE-588)4076308-0</subfield><subfield code="2">gnd</subfield></datafield><datafield tag="650" ind1=" " ind2="7"><subfield code="a">Jugendhilfe</subfield><subfield code="0">(DE-Frei129)00012692</subfield><subfield code="0">(DE-588)4028892-4</subfield><subfield code="2">gnd</subfield></datafield><datafield tag="689" ind1="0" ind2="0"><subfield code="0">(DE-588)4028859-6</subfield><subfield code="D">s</subfield><subfield code="a">Jugend </subfield></datafield><datafield tag="689" ind1="0" ind2="1"><subfield code="0">(DE-588)4001220-7</subfield><subfield code="D">s</subfield><subfield code="a">Alkoholismus </subfield></datafield><datafield tag="689" ind1="0" ind2="2"><subfield code="0">(DE-588)4076308-0</subfield><subfield code="D">s</subfield><subfield code="a">Prävention </subfield></datafield><datafield tag="689" ind1="0" ind2="3"><subfield code="0">(DE-588)4028892-4</subfield><subfield code="D">s</subfield><subfield code="a">Jugendhilfe</subfield><subfield code="5">DE-101</subfield></datafield><datafield tag="700" ind1="1" ind2=" "><subfield code="0">(DE-588)122363760</subfield><subfield code="0">(DE-Frei129)42003921</subfield><subfield code="a">Kammerer, Bernd</subfield><subfield code="4">Hrsg.</subfield></datafield><datafield tag="700" ind1="1" ind2=" "><subfield code="0">(DE-Frei129)00421607</subfield><subfield code="a">Gref, Kurt</subfield><subfield code="4">Hrsg.</subfield></datafield><datafield tag="711" ind1="2" ind2=" "><subfield code="0">(DE-Frei129)58059513</subfield><subfield code="0">(DE-588)16173431-5</subfield><subfield code="a">Nürnberger Forum der Kinder- und Jugendarbeit (19. : 2009 : Nürnberg)</subfield><subfield code="n">19</subfield><subfield code="c">Nürnberg</subfield><subfield code="4">oth</subfield></datafield><datafield tag="852" ind1=" " ind2=" "><subfield code="a">Frei129</subfield><subfield code="c">Psy L 600: 287</subfield></datafield><datafield tag="856" ind1="4" ind2=" "><subfield code="8">00</subfield><subfield code="u">http://d-nb.info/1001625714/04</subfield><subfield code="y">Kurzbeschreibung des Verlags</subfield></datafield><datafield tag="980" ind1="0" ind2=" "><subfield code="a">00212406</subfield><subfield code="9">(PHFR)</subfield><subfield code="b">EG-Anbau (32)</subfield><subfield code="c">Psy L 600: 287</subfield><subfield code="d">Standardleihe (01)</subfield><subfield code="e">Verfügbar (X)</subfield></datafield></record>