
<record><leader>04715nam a2200000uu 4500</leader><controlfield tag="001">02327702</controlfield><controlfield tag="003">DE-Frei129</controlfield><controlfield tag="005">20220811084047.0</controlfield><controlfield tag="007">tu</controlfield><controlfield tag="008">100615s2010    ||||||||||||||||||||ger||</controlfield><datafield tag="015" ind1=" " ind2=" "><subfield code="a">10,N16</subfield></datafield><datafield tag="016" ind1="7" ind2=" "><subfield code="a">1001501144</subfield><subfield code="2">DE-101</subfield></datafield><datafield tag="020" ind1=" " ind2=" "><subfield code="a">9783831017126</subfield><subfield code="9">9783831017126</subfield><subfield code="c">kart. : EUR 14,95</subfield></datafield><datafield tag="024" ind1="3" ind2=" "><subfield code="a">9783831017126</subfield></datafield><datafield tag="035" ind1=" " ind2=" "><subfield code="a">(DE-576)1603544801</subfield></datafield><datafield tag="041" ind1=" " ind2=" "><subfield code="a">ger</subfield></datafield><datafield tag="044" ind1=" " ind2=" "><subfield code="c">XA-DE-BY</subfield></datafield><datafield tag="100" ind1="1" ind2=" "><subfield code="a">Berman, Laura</subfield><subfield code="0">(DE-Frei129)00803919</subfield></datafield><datafield tag="245" ind1="1" ind2="0"><subfield code="a">Mit Kindern über Liebe und Sexualität sprechen</subfield><subfield code="c">Laura Berman</subfield></datafield><datafield tag="260" ind1="3" ind2=" "><subfield code="a">München</subfield><subfield code="b">Dorling Kindersley</subfield><subfield code="c">2010</subfield></datafield><datafield tag="300" ind1=" " ind2=" "><subfield code="a">191 Seiten</subfield><subfield code="b">über 80 farb. Fotos</subfield><subfield code="c">235 mm x 195 mm</subfield></datafield><datafield tag="520" ind1=" " ind2=" "><subfield code="a">Die Therapeutin und Autorin Laura Bermann  zeigt auf, wie Eltern ihren Kindern einen verantwortungsvollen Umgang mit Sexualität vermitteln können. Dabei liegt der Schwerpunkt darauf, wie Gespräche über unterschiedliche Themen wie Verhütung, erste Liebe, Medien usw. mit den Kindern bzw. Jugendlichen geführt werden können. Dazu werden konkrete Gesprächstipps und Formulierungshilfen gegeben. Mit einem Glossar, Register und Internettipps. Ein sehr übersichtlich und attraktiv mit vielen Farbfotos und anatomischen Diagrammen gestalteter Ratgeber, der vor Jeanne Meijs: &quot;Liebe und Sexualität im Kindes- und Jugendalter&quot; (ID 47/08, aus anthroposophischer Sicht) angeschafft werden kann. Jan-Uwe Rogge: &quot;Von wegen aufgeklärt&quot; (BA 10/06) bietet einen Überblick über die Entwicklung der Sexualität vom Kleinkind bis zum Jugendalter, Esther Schoonbrood: &quot;Erklär mir die Liebe!&quot; (BA 3/09) richtet sich speziell an Mütter mit Mädchen. (2)</subfield></datafield><datafield tag="650" ind1=" " ind2="7"><subfield code="a">Sexuelle Entwicklung</subfield><subfield code="0">(DE-Frei129)00029027</subfield><subfield code="0">(DE-588)4121668-4</subfield><subfield code="2">gnd</subfield></datafield><datafield tag="650" ind1=" " ind2="7"><subfield code="a">Sexualerziehung</subfield><subfield code="0">(DE-Frei129)00022068</subfield><subfield code="0">(DE-588)4054679-2</subfield><subfield code="2">gnd</subfield></datafield><datafield tag="650" ind1=" " ind2="7"><subfield code="a">Eltern</subfield><subfield code="0">(DE-Frei129)00006830</subfield><subfield code="0">(DE-588)4014516-5</subfield><subfield code="2">gnd</subfield></datafield><datafield tag="689" ind1="0" ind2="0"><subfield code="0">(DE-588)4121668-4</subfield><subfield code="D">s</subfield><subfield code="a">Sexuelle Entwicklung</subfield><subfield code="5">DE-101</subfield></datafield><datafield tag="689" ind1="1" ind2="0"><subfield code="0">(DE-588)4054679-2</subfield><subfield code="D">s</subfield><subfield code="a">Sexualerziehung </subfield></datafield><datafield tag="689" ind1="1" ind2="1"><subfield code="0">(DE-588)4014516-5</subfield><subfield code="D">s</subfield><subfield code="a">Eltern</subfield><subfield code="5">DE-101</subfield></datafield><datafield tag="852" ind1=" " ind2=" "><subfield code="a">Frei129</subfield><subfield code="c">Paed M 230: 25</subfield></datafield><datafield tag="856" ind1="4" ind2=" "><subfield code="8">00</subfield><subfield code="u">http://d-nb.info/1001501144/04</subfield><subfield code="y">Inhaltsverzeichnis</subfield></datafield><datafield tag="980" ind1="0" ind2=" "><subfield code="a">00211491</subfield><subfield code="9">(PHFR)</subfield><subfield code="b">EG-Anbau (32)</subfield><subfield code="c">Paed M 230: 25</subfield><subfield code="d">Standardleihe (01)</subfield><subfield code="e">Verfügbar (X)</subfield></datafield></record>