
<record><leader>06984nam a2200000uu 4500</leader><controlfield tag="001">02327669</controlfield><controlfield tag="003">DE-Frei129</controlfield><controlfield tag="005">20220811084047.0</controlfield><controlfield tag="007">tu</controlfield><controlfield tag="008">091117s2010    ||||||||||||||||||||eng||</controlfield><datafield tag="020" ind1=" " ind2=" "><subfield code="a">1606235273</subfield><subfield code="9">1606235273</subfield><subfield code="c">pbk. : alk. paper</subfield></datafield><datafield tag="020" ind1=" " ind2=" "><subfield code="a">1606235281</subfield><subfield code="9">1606235281</subfield><subfield code="c">hardcover : alk. paper</subfield></datafield><datafield tag="020" ind1=" " ind2=" "><subfield code="a">9781606235270</subfield><subfield code="9">9781606235270</subfield><subfield code="c">: pbk. : alk. paper</subfield></datafield><datafield tag="020" ind1=" " ind2=" "><subfield code="a">9781606235287</subfield><subfield code="9">9781606235287</subfield><subfield code="c">: hardcover : alk. paper</subfield></datafield><datafield tag="024" ind1="3" ind2=" "><subfield code="a">9781606235270</subfield></datafield><datafield tag="035" ind1=" " ind2=" "><subfield code="a">(DE-576)612976548</subfield></datafield><datafield tag="040" ind1=" " ind2=" "><subfield code="e">rda</subfield></datafield><datafield tag="041" ind1=" " ind2=" "><subfield code="a">eng</subfield></datafield><datafield tag="044" ind1=" " ind2=" "><subfield code="c">XD-US</subfield><subfield code="c">XA-GB</subfield></datafield><datafield tag="100" ind1="1" ind2=" "><subfield code="a">Rupp, André A.</subfield><subfield code="0">(DE-Frei129)26003761</subfield></datafield><datafield tag="245" ind1="1" ind2="0"><subfield code="a">Diagnostic measurement</subfield><subfield code="b">theory, methods, and applications</subfield><subfield code="c">André A. Rupp, Jonathan Templin, Robert A. Henson</subfield></datafield><datafield tag="264" ind1=" " ind2="4"><subfield code="a">New York ; London</subfield><subfield code="b">Guilford Press</subfield><subfield code="c">[2010]</subfield></datafield><datafield tag="264" ind1=" " ind2="4"><subfield code="c">© 2010</subfield></datafield><datafield tag="300" ind1=" " ind2=" "><subfield code="a">XX, 348 Seiten</subfield><subfield code="b">Illustrationen, Diagramme</subfield><subfield code="c">26 cm</subfield></datafield><datafield tag="336" ind1=" " ind2=" "><subfield code="a">text</subfield><subfield code="b">txt</subfield><subfield code="2">rdacontent</subfield></datafield><datafield tag="337" ind1=" " ind2=" "><subfield code="a">unmediated</subfield><subfield code="b">n</subfield><subfield code="2">rdamedia</subfield></datafield><datafield tag="338" ind1=" " ind2=" "><subfield code="a">volume</subfield><subfield code="b">nc</subfield><subfield code="2">rdacarrier</subfield></datafield><datafield tag="490" ind1="0" ind2=" "><subfield code="a">Methodology in the social sciences</subfield></datafield><datafield tag="500" ind1=" " ind2=" "><subfield code="a">IMD-Felder maschinell generiert (GBV)</subfield></datafield><datafield tag="501" ind1=" " ind2=" "><subfield code="a">Literaturverz. S. 331 - 338</subfield></datafield><datafield tag="650" ind1=" " ind2="7"><subfield code="a">Psychometrics</subfield><subfield code="0">(DE-Frei129)00239838</subfield><subfield code="2">local</subfield></datafield><datafield tag="650" ind1=" " ind2="7"><subfield code="a">Cognition</subfield><subfield code="x">Testing</subfield><subfield code="0">(DE-Frei129)14667048</subfield><subfield code="2">local</subfield></datafield><datafield tag="650" ind1=" " ind2="7"><subfield code="a">Psychometrie</subfield><subfield code="0">(DE-Frei129)00065438</subfield><subfield code="0">(DE-588)4176236-8</subfield><subfield code="2">gnd</subfield></datafield><datafield tag="650" ind1=" " ind2="7"><subfield code="a">Kognition</subfield><subfield code="0">(DE-Frei129)00012089</subfield><subfield code="0">(DE-588)4031630-0</subfield><subfield code="2">gnd</subfield></datafield><datafield tag="650" ind1=" " ind2="7"><subfield code="a">Test</subfield><subfield code="0">(DE-Frei129)00003112</subfield><subfield code="0">(DE-588)4059549-3</subfield><subfield code="2">gnd</subfield></datafield><datafield tag="650" ind1=" " ind2="7"><subfield code="a">Cognition</subfield><subfield code="0">(DE-Frei129)00240555</subfield><subfield code="2">local</subfield></datafield><datafield tag="650" ind1=" " ind2="7"><subfield code="a">Testing</subfield><subfield code="0">(DE-Frei129)00235132</subfield><subfield code="2">local</subfield></datafield><datafield tag="689" ind1="0" ind2="0"><subfield code="A">s</subfield><subfield code="a">Psychometrics</subfield><subfield code="5">DE-101</subfield></datafield><datafield tag="689" ind1="1" ind2="0"><subfield code="A">s</subfield><subfield code="a">Cognition / Testing</subfield><subfield code="5">DE-101</subfield></datafield><datafield tag="689" ind1="2" ind2="0"><subfield code="0">(DE-588)4176236-8</subfield><subfield code="D">s</subfield><subfield code="a">Psychometrie </subfield></datafield><datafield tag="689" ind1="2" ind2="1"><subfield code="0">(DE-588)4031630-0</subfield><subfield code="D">s</subfield><subfield code="a">Kognition </subfield></datafield><datafield tag="689" ind1="2" ind2="2"><subfield code="0">(DE-588)4059549-3</subfield><subfield code="D">s</subfield><subfield code="a">Test</subfield><subfield code="5">DE-101</subfield></datafield><datafield tag="689" ind1="3" ind2="0"><subfield code="A">s</subfield><subfield code="a">Cognition </subfield></datafield><datafield tag="689" ind1="3" ind2="1"><subfield code="A">s</subfield><subfield code="a">Testing</subfield><subfield code="5">DE-101</subfield></datafield><datafield tag="700" ind1="1" ind2=" "><subfield code="0">(DE-Frei129)00808537</subfield><subfield code="a">Templin, Jonathan</subfield><subfield code="4">aut</subfield></datafield><datafield tag="700" ind1="1" ind2=" "><subfield code="0">(DE-Frei129)00808538</subfield><subfield code="a">Henson, Robert A.</subfield><subfield code="4">aut</subfield></datafield><datafield tag="852" ind1=" " ind2=" "><subfield code="a">Frei129</subfield><subfield code="c">Psy H 110: 11</subfield></datafield><datafield tag="856" ind1="4" ind2=" "><subfield code="8">00</subfield><subfield code="u">http://www.gbv.de/dms/ilmenau/toc/612976548.PDF</subfield><subfield code="y">Inhaltsverzeichnis</subfield></datafield><datafield tag="856" ind1="4" ind2=" "><subfield code="8">01</subfield><subfield code="u">http://swbplus.bsz-bw.de/bsz324246293inh.htm</subfield><subfield code="y">Verlagsinformation</subfield></datafield><datafield tag="980" ind1="0" ind2=" "><subfield code="a">00334417</subfield><subfield code="9">(PHFR)</subfield><subfield code="b">Handbibliothek (50)</subfield><subfield code="c">Psy H 110: 11</subfield><subfield code="d">Handbibliothek - nie verleihbar (54)</subfield><subfield code="e">Verfügbar (X)</subfield></datafield></record>