
<record><leader>05856nam a2200000uu 4500</leader><controlfield tag="001">02327615</controlfield><controlfield tag="003">DE-Frei129</controlfield><controlfield tag="005">20220811084047.0</controlfield><controlfield tag="007">tu</controlfield><controlfield tag="008">100610s2010    ||||||||||||||||||||ger||</controlfield><datafield tag="015" ind1=" " ind2=" "><subfield code="a">10,A16</subfield></datafield><datafield tag="016" ind1="7" ind2=" "><subfield code="a">999192892</subfield><subfield code="2">DE-101</subfield></datafield><datafield tag="020" ind1=" " ind2=" "><subfield code="a">9783940862181</subfield><subfield code="9">978-3-940862-18-1</subfield><subfield code="c">kart. : EUR 18.00 (DE), EUR 16.74 (AT)</subfield></datafield><datafield tag="024" ind1="3" ind2=" "><subfield code="a">9783940862181</subfield></datafield><datafield tag="035" ind1=" " ind2=" "><subfield code="a">(DE-576)1603468625</subfield></datafield><datafield tag="041" ind1=" " ind2=" "><subfield code="a">ger</subfield></datafield><datafield tag="044" ind1=" " ind2=" "><subfield code="c">XA-DE-BE</subfield></datafield><datafield tag="245" ind1="1" ind2="0"><subfield code="a">Erzählen und Entdecken</subfield><subfield code="b">lebendige Spracherfahrungen mit Naturgeschichten; ein Praxis- und Lesebuch für Bibliotheken, Schulen, Kindergärten und freie Gruppen</subfield><subfield code="c">Susanne Brandt (Hrsg.). Mit Abb. von Rainer Kappe</subfield></datafield><datafield tag="260" ind1="3" ind2=" "><subfield code="a">Berlin</subfield><subfield code="b">Simon-Verl. für Bibliothekswissen</subfield><subfield code="c">2010</subfield></datafield><datafield tag="300" ind1=" " ind2=" "><subfield code="a">136  Seiten</subfield><subfield code="b">Ill.</subfield><subfield code="c">21 cm, 150 gr.</subfield></datafield><datafield tag="500" ind1=" " ind2=" "><subfield code="a">Literaturangaben</subfield></datafield><datafield tag="650" ind1=" " ind2="7"><subfield code="a">Öffentliche Bibliothek</subfield><subfield code="0">(DE-Frei129)00017985</subfield><subfield code="0">(DE-588)4043141-1</subfield><subfield code="2">gnd</subfield></datafield><datafield tag="650" ind1=" " ind2="7"><subfield code="a">Kind</subfield><subfield code="x">5-9 Jahre</subfield><subfield code="0">(DE-Frei129)00108366</subfield><subfield code="0">(DE-588)4670186-2</subfield><subfield code="2">gnd</subfield></datafield><datafield tag="650" ind1=" " ind2="7"><subfield code="a">Vorlesen</subfield><subfield code="0">(DE-Frei129)00070190</subfield><subfield code="0">(DE-588)4188683-5</subfield><subfield code="2">gnd</subfield></datafield><datafield tag="650" ind1=" " ind2="7"><subfield code="a">Naturgeschichte</subfield><subfield code="x">Fach</subfield><subfield code="0">(DE-Frei129)00075028</subfield><subfield code="0">(DE-588)4205673-1</subfield><subfield code="2">gnd</subfield></datafield><datafield tag="650" ind1=" " ind2="7"><subfield code="a">Pädagogische Einrichtung</subfield><subfield code="0">(DE-Frei129)00013306</subfield><subfield code="0">(DE-588)4152997-2</subfield><subfield code="2">gnd</subfield></datafield><datafield tag="650" ind1=" " ind2="7"><subfield code="a">Projekt</subfield><subfield code="0">(DE-Frei129)00028538</subfield><subfield code="0">(DE-588)4115645-6</subfield><subfield code="2">gnd</subfield></datafield><datafield tag="651" ind1=" " ind2="7"><subfield code="a">5-9 Jahre</subfield><subfield code="0">(DE-Frei129)00759170</subfield><subfield code="2">local</subfield></datafield><datafield tag="651" ind1=" " ind2="7"><subfield code="a">Fach</subfield><subfield code="0">(DE-Frei129)00757468</subfield><subfield code="2">local</subfield></datafield><datafield tag="689" ind1="0" ind2="0"><subfield code="0">(DE-588)4043141-1</subfield><subfield code="D">s</subfield><subfield code="a">Öffentliche Bibliothek </subfield></datafield><datafield tag="689" ind1="0" ind2="1"><subfield code="0">(DE-588)4670186-2</subfield><subfield code="D">s</subfield><subfield code="a">Kind / 5-9 Jahre </subfield></datafield><datafield tag="689" ind1="0" ind2="2"><subfield code="A">s</subfield><subfield code="a">5-9 Jahre </subfield></datafield><datafield tag="689" ind1="0" ind2="3"><subfield code="0">(DE-588)4188683-5</subfield><subfield code="D">s</subfield><subfield code="a">Vorlesen </subfield></datafield><datafield tag="689" ind1="0" ind2="4"><subfield code="0">(DE-588)4205673-1</subfield><subfield code="D">s</subfield><subfield code="a">Naturgeschichte / Fach </subfield></datafield><datafield tag="689" ind1="0" ind2="5"><subfield code="A">s</subfield><subfield code="a">Fach </subfield></datafield><datafield tag="689" ind1="0" ind2="6"><subfield code="0">(DE-588)4152997-2</subfield><subfield code="D">s</subfield><subfield code="a">Pädagogische Einrichtung </subfield></datafield><datafield tag="689" ind1="0" ind2="7"><subfield code="0">(DE-588)4115645-6</subfield><subfield code="D">s</subfield><subfield code="a">Projekt</subfield><subfield code="5">DE-101</subfield></datafield><datafield tag="700" ind1="1" ind2=" "><subfield code="0">(DE-Frei129)00104952</subfield><subfield code="a">Fastenmeier, Catharina</subfield><subfield code="4">Hrsg.</subfield></datafield><datafield tag="852" ind1=" " ind2=" "><subfield code="a">Frei 129</subfield><subfield code="b">PHFR</subfield><subfield code="c">ER 920 B821</subfield></datafield><datafield tag="856" ind1="4" ind2=" "><subfield code="8">00</subfield><subfield code="u">http://d-nb.info/999192892/04</subfield><subfield code="y">Inhaltsverzeichnis</subfield></datafield><datafield tag="980" ind1="0" ind2=" "><subfield code="a">00212976</subfield><subfield code="9">(PHFR)</subfield><subfield code="b">2.OG (35)</subfield><subfield code="c">ER 920 B821</subfield><subfield code="d">Standardleihe (01)</subfield><subfield code="e">Verfügbar (X)</subfield></datafield></record>