
<record><leader>04602nam a2200000uu 4500</leader><controlfield tag="001">02327414</controlfield><controlfield tag="003">DE-Frei129</controlfield><controlfield tag="005">20220811084047.0</controlfield><controlfield tag="007">tu</controlfield><controlfield tag="008">110314s2010    |||||||||m||||||||||ger||</controlfield><datafield tag="015" ind1=" " ind2=" "><subfield code="a">10,N10</subfield></datafield><datafield tag="016" ind1="7" ind2=" "><subfield code="a">1000499650</subfield><subfield code="2">DE-101</subfield></datafield><datafield tag="020" ind1=" " ind2=" "><subfield code="a">9783868505917</subfield><subfield code="9">9783868505917</subfield><subfield code="c">PB. : EUR 29.90</subfield></datafield><datafield tag="024" ind1="3" ind2=" "><subfield code="a">9783868505917</subfield></datafield><datafield tag="035" ind1=" " ind2=" "><subfield code="a">(DE-576)654013640</subfield></datafield><datafield tag="041" ind1=" " ind2=" "><subfield code="a">ger</subfield></datafield><datafield tag="044" ind1=" " ind2=" "><subfield code="c">XA-DE</subfield><subfield code="c">XA-DE-HH</subfield></datafield><datafield tag="100" ind1="1" ind2=" "><subfield code="a">Raidt, Tabea</subfield><subfield code="0">(DE-Frei129)00172721</subfield><subfield code="0">(DE-588)140685715</subfield></datafield><datafield tag="245" ind1="1" ind2="0"><subfield code="a">Bildungsreformen nach PISA</subfield><subfield code="b">Paradigmenwechsel und Wertewandel</subfield><subfield code="c">Tabea Raidt</subfield></datafield><datafield tag="260" ind1="3" ind2=" "><subfield code="a">[Hamburg]</subfield><subfield code="b">Verl.  tredition</subfield><subfield code="c">2010</subfield></datafield><datafield tag="300" ind1=" " ind2=" "><subfield code="a">293 Seiten</subfield><subfield code="b">graph. Darst.</subfield><subfield code="c">240 mm x 170 mm, 577 gr.</subfield></datafield><datafield tag="490" ind1="0" ind2=" "><subfield code="a">tredition science</subfield></datafield><datafield tag="500" ind1=" " ind2=" "><subfield code="a">Düsseldorf</subfield></datafield><datafield tag="500" ind1=" " ind2=" "><subfield code="a">IMD-Felder maschinell generiert (GBV)</subfield></datafield><datafield tag="502" ind1=" " ind2=" "><subfield code="a">Zugl.: Düsseldorf, Univ., Diss., 2009</subfield></datafield><datafield tag="630" ind1="0" ind2="7"><subfield code="a">PISA &lt;Test&gt;</subfield><subfield code="0">(DE-Frei129)02358324</subfield><subfield code="0">(DE-588)345174194</subfield><subfield code="2">gnd</subfield></datafield><datafield tag="650" ind1=" " ind2="7"><subfield code="a">Bildungsreform</subfield><subfield code="0">(DE-Frei129)00003919</subfield><subfield code="0">(DE-588)4006672-1</subfield><subfield code="2">gnd</subfield></datafield><datafield tag="650" ind1=" " ind2="7"><subfield code="a">Bildungspolitik</subfield><subfield code="0">(DE-Frei129)00003912</subfield><subfield code="0">(DE-588)4006667-8</subfield><subfield code="2">gnd</subfield></datafield><datafield tag="651" ind1=" " ind2="7"><subfield code="a">Test</subfield><subfield code="0">(DE-Frei129)00757448</subfield><subfield code="2">local</subfield></datafield><datafield tag="689" ind1="0" ind2="0"><subfield code="0">(DE-588)345174194</subfield><subfield code="D">u</subfield><subfield code="a">PISA &lt;Test&gt; (2000) </subfield></datafield><datafield tag="689" ind1="0" ind2="1"><subfield code="A">s</subfield><subfield code="a">Test </subfield></datafield><datafield tag="689" ind1="0" ind2="2"><subfield code="0">(DE-588)4006672-1</subfield><subfield code="D">s</subfield><subfield code="a">Bildungsreform </subfield></datafield><datafield tag="689" ind1="0" ind2="3"><subfield code="0">(DE-588)4006667-8</subfield><subfield code="D">s</subfield><subfield code="a">Bildungspolitik</subfield><subfield code="5">DE-101</subfield></datafield><datafield tag="852" ind1=" " ind2=" "><subfield code="a">Frei129</subfield><subfield code="c">Paed F 500: 222</subfield></datafield><datafield tag="856" ind1="4" ind2=" "><subfield code="8">00</subfield><subfield code="u">http://bvbr.bib-bvb.de:8991/F?func=service&amp;doc_library=BVB01&amp;doc_number=020326558&amp;line_number=0001&amp;func_code=DB_RECORDS&amp;service_type=MEDIA</subfield><subfield code="y">Inhaltsverzeichnis</subfield></datafield><datafield tag="980" ind1="0" ind2=" "><subfield code="a">00341480</subfield><subfield code="9">(PHFR)</subfield><subfield code="b">EG-Anbau (32)</subfield><subfield code="c">Paed F 500: 222</subfield><subfield code="d">Standardleihe (01)</subfield><subfield code="e">Verfügbar (X)</subfield></datafield></record>