
<record><leader>06333nam a2200000uu 4500</leader><controlfield tag="001">02327384</controlfield><controlfield tag="003">DE-Frei129</controlfield><controlfield tag="005">20220811084047.0</controlfield><controlfield tag="007">tu</controlfield><controlfield tag="008">080424s2010    ||||||||||||||||||||eng||</controlfield><datafield tag="020" ind1=" " ind2=" "><subfield code="a">9780203871683</subfield><subfield code="9">9780203871683</subfield><subfield code="c">(e-book)</subfield></datafield><datafield tag="020" ind1=" " ind2=" "><subfield code="a">0203871685</subfield><subfield code="9">0203871685</subfield><subfield code="c">(e-book)</subfield></datafield><datafield tag="020" ind1=" " ind2=" "><subfield code="a">9780415437868</subfield><subfield code="9">9780415437868</subfield><subfield code="c">£21.99 (pbk.)</subfield></datafield><datafield tag="020" ind1=" " ind2=" "><subfield code="a">0415437865</subfield><subfield code="9">0415437865</subfield><subfield code="c">£21.99 (pbk.)</subfield></datafield><datafield tag="020" ind1=" " ind2=" "><subfield code="a">0415499097</subfield><subfield code="9">0415499097</subfield><subfield code="c">(hbk)</subfield></datafield><datafield tag="020" ind1=" " ind2=" "><subfield code="a">9780415499095</subfield><subfield code="9">9780415499095</subfield></datafield><datafield tag="024" ind1="3" ind2=" "><subfield code="a">9780415437868</subfield></datafield><datafield tag="035" ind1=" " ind2=" "><subfield code="a">(DE-576)563264802</subfield></datafield><datafield tag="041" ind1=" " ind2=" "><subfield code="a">eng</subfield></datafield><datafield tag="044" ind1=" " ind2=" "><subfield code="c">XA-GB</subfield><subfield code="c">XD-US</subfield></datafield><datafield tag="100" ind1="1" ind2=" "><subfield code="a">Lambert, David</subfield><subfield code="0">(DE-Frei129)00466630</subfield><subfield code="4">aut</subfield></datafield><datafield tag="245" ind1="1" ind2="0"><subfield code="a">Learning to teach geography in the secondary school</subfield><subfield code="b">a companion to school experience</subfield><subfield code="c">David Lambert and David Balderstone</subfield></datafield><datafield tag="250" ind1=" " ind2=" "><subfield code="a">2. ed.</subfield></datafield><datafield tag="260" ind1="3" ind2=" "><subfield code="a">London [u.a.]</subfield><subfield code="b">Taylor &amp; Francis Ltd</subfield><subfield code="c">2010</subfield></datafield><datafield tag="300" ind1=" " ind2=" "><subfield code="a">XXIII, 455 Seiten</subfield><subfield code="b">graph. Darst.</subfield><subfield code="c">25 cm</subfield></datafield><datafield tag="490" ind1="0" ind2=" "><subfield code="a">Learning to teach subjects in the secondary school series</subfield></datafield><datafield tag="500" ind1=" " ind2=" "><subfield code="a">Formerly CIP Uk. - Includes bibliographical references (p. 431-447) and index</subfield></datafield><datafield tag="500" ind1=" " ind2=" "><subfield code="a">IMD-Felder maschinell generiert (GBV)</subfield></datafield><datafield tag="650" ind1=" " ind2="7"><subfield code="a">Geography</subfield><subfield code="x">Study and teaching (Secondary)</subfield><subfield code="0">(DE-Frei129)01863174</subfield><subfield code="2">local</subfield></datafield><datafield tag="650" ind1=" " ind2="7"><subfield code="a">Geografieunterricht</subfield><subfield code="0">(DE-Frei129)00009373</subfield><subfield code="0">(DE-588)4020219-7</subfield><subfield code="2">gnd</subfield></datafield><datafield tag="650" ind1=" " ind2="7"><subfield code="a">Sekundarstufe</subfield><subfield code="0">(DE-Frei129)00011250</subfield><subfield code="0">(DE-588)4077347-4</subfield><subfield code="2">gnd</subfield></datafield><datafield tag="650" ind1=" " ind2="7"><subfield code="a">Geographieunterricht</subfield><subfield code="0">(DE-Frei129)00787534</subfield><subfield code="2">local</subfield></datafield><datafield tag="650" ind1=" " ind2="7"><subfield code="a">Fachdidaktik</subfield><subfield code="0">(DE-Frei129)01716017</subfield><subfield code="2">local</subfield></datafield><datafield tag="650" ind1=" " ind2="7"><subfield code="a">Geography</subfield><subfield code="0">(DE-Frei129)00239845</subfield><subfield code="2">local</subfield></datafield><datafield tag="650" ind1=" " ind2="7"><subfield code="a">Study and teaching (Secondary)</subfield><subfield code="0">(DE-Frei129)00242376</subfield><subfield code="2">local</subfield></datafield><datafield tag="689" ind1="0" ind2="0"><subfield code="A">s</subfield><subfield code="a">Geography / Study and teaching (Secondary)</subfield><subfield code="5">DE-101</subfield></datafield><datafield tag="689" ind1="1" ind2="0"><subfield code="0">(DE-588)4020219-7</subfield><subfield code="D">s</subfield><subfield code="a">Geografieunterricht </subfield></datafield><datafield tag="689" ind1="1" ind2="1"><subfield code="0">(DE-588)4077347-4</subfield><subfield code="D">s</subfield><subfield code="a">Sekundarstufe</subfield><subfield code="5">DE-101</subfield></datafield><datafield tag="689" ind1="2" ind2="0"><subfield code="A">s</subfield><subfield code="a">Geographieunterricht</subfield><subfield code="5">DE-101</subfield></datafield><datafield tag="689" ind1="3" ind2="0"><subfield code="A">s</subfield><subfield code="a">Fachdidaktik</subfield><subfield code="5">DE-101</subfield></datafield><datafield tag="689" ind1="4" ind2="0"><subfield code="A">s</subfield><subfield code="a">Geography </subfield></datafield><datafield tag="689" ind1="4" ind2="1"><subfield code="A">s</subfield><subfield code="a">Study and teaching (Secondary)</subfield><subfield code="5">DE-101</subfield></datafield><datafield tag="700" ind1="1" ind2=" "><subfield code="0">(DE-Frei129)00581381</subfield><subfield code="a">Balderstone, David</subfield><subfield code="4">oth</subfield></datafield><datafield tag="852" ind1=" " ind2=" "><subfield code="a">Frei 129</subfield><subfield code="b">PHFR</subfield><subfield code="c">RB 10874 L222 (2)</subfield></datafield><datafield tag="980" ind1="0" ind2=" "><subfield code="a">00334450</subfield><subfield code="9">(PHFR)</subfield><subfield code="b">Handbibliothek (50)</subfield><subfield code="c">Geo N 440: 22</subfield><subfield code="d">Handbibliothek - nie verleihbar (54)</subfield><subfield code="e">Verfügbar (X)</subfield></datafield></record>