
<record><leader>05582nam a2200000uu 4500</leader><controlfield tag="001">02327335</controlfield><controlfield tag="003">DE-Frei129</controlfield><controlfield tag="005">20220811084048.0</controlfield><controlfield tag="007">tu</controlfield><controlfield tag="008">100218s2010    ||||||||||||||||||||ger||</controlfield><datafield tag="015" ind1=" " ind2=" "><subfield code="a">10,A10</subfield></datafield><datafield tag="016" ind1="7" ind2=" "><subfield code="a">1000157334</subfield><subfield code="2">DE-101</subfield></datafield><datafield tag="020" ind1=" " ind2=" "><subfield code="a">9783038005254</subfield><subfield code="9">9783038005254</subfield><subfield code="c">Pp. : EUR 19.90 (DE), EUR 20.50 (AT), sfr 34.90 (freier Pr.)</subfield></datafield><datafield tag="035" ind1=" " ind2=" "><subfield code="a">(DE-576)618862307</subfield></datafield><datafield tag="041" ind1=" " ind2=" "><subfield code="a">ger</subfield></datafield><datafield tag="044" ind1=" " ind2=" "><subfield code="c">XA-CH</subfield></datafield><datafield tag="100" ind1="1" ind2=" "><subfield code="a">Frommherz, Andrea</subfield><subfield code="0">(DE-Frei129)03006548</subfield><subfield code="0">(DE-588)115306595</subfield></datafield><datafield tag="245" ind1="1" ind2="0"><subfield code="a">Kinderwerkstatt Zauberkräuter</subfield><subfield code="b">mit Kindern die Geheimnisse und Heilkräfte der Pflanzen entdecken</subfield><subfield code="c">Andrea Frommherz; Edith Biedermann</subfield></datafield><datafield tag="250" ind1=" " ind2=" "><subfield code="a">Vollst. überarb. Neuausg., 7. Aufl.</subfield></datafield><datafield tag="260" ind1="3" ind2=" "><subfield code="a">Aarau</subfield><subfield code="b">AT-Verl.</subfield><subfield code="c">2010</subfield></datafield><datafield tag="300" ind1=" " ind2=" "><subfield code="a">119 Seiten</subfield><subfield code="b">zahlr. Ill.</subfield><subfield code="c">23 cm</subfield></datafield><datafield tag="500" ind1=" " ind2=" "><subfield code="a">Literaturangaben</subfield></datafield><datafield tag="500" ind1=" " ind2=" "><subfield code="a">IMD-Felder maschinell generiert (GBV)</subfield></datafield><datafield tag="650" ind1=" " ind2="7"><subfield code="a">Kräuter</subfield><subfield code="0">(DE-Frei129)00036581</subfield><subfield code="0">(DE-588)4114299-8</subfield><subfield code="2">gnd</subfield></datafield><datafield tag="650" ind1=" " ind2="7"><subfield code="a">Vorschulerziehung</subfield><subfield code="0">(DE-Frei129)00025677</subfield><subfield code="0">(DE-588)4064016-4</subfield><subfield code="2">gnd</subfield></datafield><datafield tag="650" ind1=" " ind2="7"><subfield code="a">Grundschulunterricht</subfield><subfield code="0">(DE-Frei129)00010262</subfield><subfield code="0">(DE-588)4022354-1</subfield><subfield code="2">gnd</subfield></datafield><datafield tag="650" ind1=" " ind2="7"><subfield code="a">Erlebnispädagogik</subfield><subfield code="0">(DE-Frei129)00044184</subfield><subfield code="0">(DE-588)4128593-1</subfield><subfield code="2">gnd</subfield></datafield><datafield tag="689" ind1="0" ind2="0"><subfield code="0">(DE-588)4114299-8</subfield><subfield code="D">s</subfield><subfield code="a">Kräuter </subfield></datafield><datafield tag="689" ind1="0" ind2="1"><subfield code="0">(DE-588)4064016-4</subfield><subfield code="D">s</subfield><subfield code="a">Vorschulerziehung</subfield><subfield code="5">DE-101</subfield></datafield><datafield tag="689" ind1="1" ind2="0"><subfield code="0">(DE-588)4114299-8</subfield><subfield code="D">s</subfield><subfield code="a">Kräuter </subfield></datafield><datafield tag="689" ind1="1" ind2="1"><subfield code="0">(DE-588)4022354-1</subfield><subfield code="D">s</subfield><subfield code="a">Grundschulunterricht</subfield><subfield code="5">DE-101</subfield></datafield><datafield tag="689" ind1="2" ind2="0"><subfield code="0">(DE-588)4114299-8</subfield><subfield code="D">s</subfield><subfield code="a">Kräuter </subfield></datafield><datafield tag="689" ind1="2" ind2="1"><subfield code="0">(DE-588)4128593-1</subfield><subfield code="D">s</subfield><subfield code="a">Erlebnispädagogik</subfield><subfield code="5">DE-101</subfield></datafield><datafield tag="689" ind1="3" ind2="0"><subfield code="0">(DE-588)4128593-1</subfield><subfield code="D">s</subfield><subfield code="a">Erlebnispädagogik</subfield><subfield code="5">DE-101</subfield></datafield><datafield tag="700" ind1="1" ind2=" "><subfield code="0">(DE-588)124621740</subfield><subfield code="0">(DE-Frei129)58588483</subfield><subfield code="a">Biedermann, Edith</subfield><subfield code="4">aut</subfield></datafield><datafield tag="852" ind1=" " ind2=" "><subfield code="a">Frei129</subfield><subfield code="c">Paed M 50: 62</subfield></datafield><datafield tag="856" ind1="4" ind2=" "><subfield code="8">00</subfield><subfield code="u">http://deposit.d-nb.de/cgi-bin/dokserv?id=3426119&amp;prov=M&amp;dok_var=1&amp;dok_ext=htm</subfield><subfield code="y">Inhaltstext</subfield></datafield><datafield tag="856" ind1="4" ind2=" "><subfield code="8">01</subfield><subfield code="u">http://deposit.d-nb.de/cgi-bin/dokserv?id=3426119&amp;prov=M&amp;dok_var=1&amp;dok_ext=htm</subfield><subfield code="y">Verlagsinformation</subfield></datafield><datafield tag="980" ind1="0" ind2=" "><subfield code="a">00209648</subfield><subfield code="9">(PHFR)</subfield><subfield code="b">EG-Anbau (32)</subfield><subfield code="c">Paed M 50: 62</subfield><subfield code="d">Standardleihe (01)</subfield><subfield code="e">Verfügbar (X)</subfield></datafield></record>