
<record><leader>08946nam a2200000uu 4500</leader><controlfield tag="001">02327293</controlfield><controlfield tag="003">DE-Frei129</controlfield><controlfield tag="005">20220811084048.0</controlfield><controlfield tag="007">tu</controlfield><controlfield tag="008">100401s2010    ||||||||||||||||||||ger||</controlfield><datafield tag="015" ind1=" " ind2=" "><subfield code="a">10,N13</subfield></datafield><datafield tag="016" ind1="7" ind2=" "><subfield code="a">100107937X</subfield><subfield code="2">DE-101</subfield></datafield><datafield tag="020" ind1=" " ind2=" "><subfield code="a">9783866349384</subfield><subfield code="9">9783866349384</subfield><subfield code="c">GB. : EUR 12.50</subfield></datafield><datafield tag="024" ind1="3" ind2=" "><subfield code="a">9783866349384</subfield></datafield><datafield tag="035" ind1=" " ind2=" "><subfield code="a">(DE-576)622940937</subfield></datafield><datafield tag="041" ind1=" " ind2=" "><subfield code="a">ger</subfield></datafield><datafield tag="044" ind1=" " ind2=" "><subfield code="c">XA-DE-ST</subfield></datafield><datafield tag="100" ind1="1" ind2=" "><subfield code="a">Prüfer, Sebastian</subfield><subfield code="0">(DE-Frei129)00780532</subfield><subfield code="0">(DE-588)121737977</subfield></datafield><datafield tag="245" ind1="1" ind2="0"><subfield code="a">Hugo Gaudig</subfield><subfield code="b">Beiträge zum 150. Geburtstag des Leipziger Reformpädagogen</subfield><subfield code="c">Sebastian Prüfer</subfield></datafield><datafield tag="250" ind1=" " ind2=" "><subfield code="a">1. Aufl.</subfield></datafield><datafield tag="260" ind1="3" ind2=" "><subfield code="a">Halle</subfield><subfield code="b">Projekte-Verl. Cornelius GmbH</subfield><subfield code="c">2010</subfield></datafield><datafield tag="300" ind1=" " ind2=" "><subfield code="a">104 Seiten</subfield><subfield code="b">Ill.</subfield><subfield code="c">202 mm x 145 mm, 252 gr.</subfield></datafield><datafield tag="500" ind1=" " ind2=" "><subfield code="a">IMD-Felder maschinell generiert (GBV)</subfield></datafield><datafield tag="500" ind1=" " ind2=" "><subfield code="a">Archivierung/Langzeitarchivierung gewährleistet</subfield></datafield><datafield tag="520" ind1=" " ind2=" "><subfield code="a">Hugo Gaudig (1860-1923) zählt zu den bedeutendsten Vertretern der deutschen Reformpädagogik. Anlässlich seines 150. Geburtstags wird hier erstmals seine Familien- und Lebensgeschichte vorgelegt. Der Band enthält zudem bislang unveröffentlichte Texte Hugo Gaudigs und seiner Frau Marianne, darunter &quot;Friede auf Erden&quot;, ein Weihnachtsspiel des großen Pädagogen.</subfield></datafield><datafield tag="600" ind1="1" ind2="7"><subfield code="0">(DE-Frei129)00017449</subfield><subfield code="0">(DE-588)118537792</subfield><subfield code="a">Gaudig, Hugo</subfield><subfield code="2">gnd</subfield></datafield><datafield tag="600" ind1="1" ind2="7"><subfield code="0">(DE-Frei129)58605566</subfield><subfield code="a">Gaudig, H, 1860-1923</subfield><subfield code="2">local</subfield></datafield><datafield tag="648" ind1=" " ind2="7"><subfield code="a">Germany</subfield><subfield code="0">(DE-Frei129)14259060</subfield><subfield code="2">local</subfield></datafield><datafield tag="648" ind1=" " ind2="7"><subfield code="a">Leipzig</subfield><subfield code="0">(DE-Frei129)14267632</subfield><subfield code="2">local</subfield></datafield><datafield tag="648" ind1=" " ind2="7"><subfield code="a">Germany</subfield><subfield code="x">History</subfield><subfield code="0">(DE-Frei129)14259245</subfield><subfield code="2">local</subfield></datafield><datafield tag="650" ind1=" " ind2="7"><subfield code="a">Educators</subfield><subfield code="0">(DE-Frei129)00251282</subfield><subfield code="2">local</subfield></datafield><datafield tag="650" ind1=" " ind2="7"><subfield code="a">Educational change</subfield><subfield code="0">(DE-Frei129)00244571</subfield><subfield code="2">local</subfield></datafield><datafield tag="650" ind1=" " ind2="7"><subfield code="a">Education and state</subfield><subfield code="0">(DE-Frei129)00243007</subfield><subfield code="2">local</subfield></datafield><datafield tag="650" ind1=" " ind2="7"><subfield code="a">Reformpädagogik</subfield><subfield code="0">(DE-Frei129)00012611</subfield><subfield code="0">(DE-588)4115719-9</subfield><subfield code="2">gnd</subfield></datafield><datafield tag="650" ind1=" " ind2="7"><subfield code="a">Pädagoge</subfield><subfield code="0">(DE-Frei129)00007309</subfield><subfield code="0">(DE-588)4044300-0</subfield><subfield code="2">gnd</subfield></datafield><datafield tag="650" ind1=" " ind2="7"><subfield code="a">Erziehungslehre</subfield><subfield code="0">(DE-Frei129)00056641</subfield><subfield code="0">(DE-588)4152998-4</subfield><subfield code="2">gnd</subfield></datafield><datafield tag="650" ind1=" " ind2="7"><subfield code="a">Familie</subfield><subfield code="0">(DE-Frei129)00001621</subfield><subfield code="0">(DE-588)4016397-0</subfield><subfield code="2">gnd</subfield></datafield><datafield tag="689" ind1="0" ind2="0"><subfield code="0">(DE-588)118537792</subfield><subfield code="D">p</subfield><subfield code="a">Gaudig, Hugo</subfield><subfield code="5">DE-101</subfield></datafield><datafield tag="689" ind1="1" ind2="0"><subfield code="A">n</subfield><subfield code="a">Gaudig, H, 1860-1923</subfield><subfield code="5">DE-101</subfield></datafield><datafield tag="689" ind1="2" ind2="0"><subfield code="A">s</subfield><subfield code="a">Educators </subfield></datafield><datafield tag="689" ind1="2" ind2="1"><subfield code="A">s</subfield><subfield code="a">Germany </subfield></datafield><datafield tag="689" ind1="2" ind2="2"><subfield code="A">s</subfield><subfield code="a">Leipzig</subfield><subfield code="5">DE-101</subfield></datafield><datafield tag="689" ind1="3" ind2="0"><subfield code="A">s</subfield><subfield code="a">Educational change </subfield></datafield><datafield tag="689" ind1="3" ind2="1"><subfield code="A">s</subfield><subfield code="a">Germany / History</subfield><subfield code="5">DE-101</subfield></datafield><datafield tag="689" ind1="4" ind2="0"><subfield code="A">s</subfield><subfield code="a">Education and state </subfield></datafield><datafield tag="689" ind1="4" ind2="1"><subfield code="A">s</subfield><subfield code="a">Germany / History</subfield><subfield code="5">DE-101</subfield></datafield><datafield tag="689" ind1="5" ind2="0"><subfield code="0">(DE-588)118537792</subfield><subfield code="D">p</subfield><subfield code="a">Gaudig, Hugo </subfield></datafield><datafield tag="689" ind1="5" ind2="1"><subfield code="0">(DE-588)4115719-9</subfield><subfield code="D">s</subfield><subfield code="a">Reformpädagogik</subfield><subfield code="5">DE-101</subfield></datafield><datafield tag="689" ind1="6" ind2="0"><subfield code="A">s</subfield><subfield code="a">Leipzig </subfield></datafield><datafield tag="689" ind1="6" ind2="1"><subfield code="0">(DE-588)4044300-0</subfield><subfield code="D">s</subfield><subfield code="a">Pädagoge </subfield></datafield><datafield tag="689" ind1="6" ind2="2"><subfield code="0">(DE-588)4115719-9</subfield><subfield code="D">s</subfield><subfield code="a">Reformpädagogik </subfield></datafield><datafield tag="689" ind1="6" ind2="3"><subfield code="0">(DE-588)4152998-4</subfield><subfield code="D">s</subfield><subfield code="a">Erziehungslehre </subfield></datafield><datafield tag="689" ind1="6" ind2="4"><subfield code="0">(DE-588)4016397-0</subfield><subfield code="D">s</subfield><subfield code="a">Familie</subfield><subfield code="5">DE-101</subfield></datafield><datafield tag="700" ind1="1" ind2=" "><subfield code="0">(DE-588)118537792</subfield><subfield code="0">(DE-Frei129)00017449</subfield><subfield code="a">Gaudig, Hugo</subfield><subfield code="4">hnr</subfield></datafield><datafield tag="700" ind1="1" ind2=" "><subfield code="0">(DE-588)118537792</subfield><subfield code="0">(DE-Frei129)00017449</subfield><subfield code="a">Gaudig, Hugo</subfield><subfield code="4">aut</subfield></datafield><datafield tag="852" ind1=" " ind2=" "><subfield code="a">Frei129</subfield><subfield code="c">Paed D Gau 1: 3</subfield></datafield><datafield tag="856" ind1="4" ind2=" "><subfield code="8">00</subfield><subfield code="u">http://ecx.images-amazon.com/images/I/510o2wgkgAL._SL500_AA300_.jpg</subfield><subfield code="y">Cover</subfield></datafield><datafield tag="856" ind1="4" ind2=" "><subfield code="8">01</subfield><subfield code="u">http://d-nb.info/100107937X/04</subfield><subfield code="y">Verlagsinformation</subfield></datafield><datafield tag="980" ind1="0" ind2=" "><subfield code="a">00211114</subfield><subfield code="9">(PHFR)</subfield><subfield code="b">EG-Anbau (32)</subfield><subfield code="c">Paed D Gau 1: 3</subfield><subfield code="d">Standardleihe (01)</subfield><subfield code="e">Verfügbar (X)</subfield></datafield></record>