
<record><leader>04120nam a2200000uu 4500</leader><controlfield tag="001">02327283</controlfield><controlfield tag="003">DE-Frei129</controlfield><controlfield tag="005">20220811084048.0</controlfield><controlfield tag="007">tu</controlfield><controlfield tag="008">100107s2010    ||||||||||||||||||||ger||</controlfield><datafield tag="016" ind1="7" ind2=" "><subfield code="a">998874426</subfield><subfield code="2">DE-101</subfield></datafield><datafield tag="020" ind1=" " ind2=" "><subfield code="a">9783772525766</subfield><subfield code="9">9783772525766</subfield><subfield code="c">GB. : EUR 19.90, ca. sfr 33.90 (freier Pr.)</subfield></datafield><datafield tag="024" ind1="3" ind2=" "><subfield code="a">9783772525766</subfield></datafield><datafield tag="035" ind1=" " ind2=" "><subfield code="a">(DE-576)61595782X</subfield></datafield><datafield tag="041" ind1=" " ind2=" "><subfield code="a">ger</subfield></datafield><datafield tag="044" ind1=" " ind2=" "><subfield code="c">XA-DE-BW</subfield></datafield><datafield tag="100" ind1="1" ind2=" "><subfield code="a">Bardt, Sylvia</subfield><subfield code="0">(DE-Frei129)00125008</subfield><subfield code="0">(DE-588)120135299</subfield></datafield><datafield tag="245" ind1="1" ind2="0"><subfield code="a">Eurythmie als menschenbildende Kraft</subfield><subfield code="b">Erfahrungen aus der pädagogischen Praxis</subfield><subfield code="c">Sylvia Bardt</subfield></datafield><datafield tag="250" ind1=" " ind2=" "><subfield code="a">Neuaus. (2., überarb. Aufl.)</subfield></datafield><datafield tag="260" ind1="3" ind2=" "><subfield code="a">Stuttgart</subfield><subfield code="b">Verlag Freies Geistesleben</subfield><subfield code="c">2010</subfield></datafield><datafield tag="300" ind1=" " ind2=" "><subfield code="a">176 Seiten</subfield><subfield code="b">Ill.</subfield></datafield><datafield tag="490" ind1="1" ind2=" "><subfield code="a">Menschenkunde und Erziehung </subfield><subfield code="v">76</subfield></datafield><datafield tag="500" ind1=" " ind2=" "><subfield code="a">IMD-Felder maschinell generiert (GBV)</subfield></datafield><datafield tag="500" ind1=" " ind2=" "><subfield code="a">Archivierung/Langzeitarchivierung gewährleistet</subfield></datafield><datafield tag="650" ind1=" " ind2="7"><subfield code="a">Eurythmie</subfield><subfield code="0">(DE-Frei129)00007413</subfield><subfield code="0">(DE-588)4015690-4</subfield><subfield code="2">gnd</subfield></datafield><datafield tag="650" ind1=" " ind2="7"><subfield code="a">Waldorfschule</subfield><subfield code="0">(DE-Frei129)00025822</subfield><subfield code="0">(DE-588)4064410-8</subfield><subfield code="2">gnd</subfield></datafield><datafield tag="689" ind1="0" ind2="0"><subfield code="0">(DE-588)4015690-4</subfield><subfield code="D">s</subfield><subfield code="a">Eurythmie </subfield></datafield><datafield tag="689" ind1="0" ind2="1"><subfield code="0">(DE-588)4064410-8</subfield><subfield code="D">s</subfield><subfield code="a">Waldorfschule</subfield><subfield code="5">DE-101</subfield></datafield><datafield tag="830" ind1=" " ind2="0"><subfield code="a">Menschenkunde und Erziehung</subfield><subfield code="v">76</subfield><subfield code="w">(DE-Frei129)00079482</subfield><subfield code="9">276</subfield></datafield><datafield tag="852" ind1=" " ind2=" "><subfield code="a">Frei129</subfield><subfield code="c">Paed B 160: 118 a</subfield></datafield><datafield tag="856" ind1="4" ind2=" "><subfield code="8">00</subfield><subfield code="u">http://d-nb.info/998874426/04</subfield><subfield code="y">Inhaltsverzeichnis</subfield></datafield><datafield tag="856" ind1="4" ind2=" "><subfield code="8">01</subfield><subfield code="u">http://d-nb.info/998874426/04</subfield><subfield code="y">Verlagsinformation</subfield></datafield><datafield tag="980" ind1="0" ind2=" "><subfield code="a">00212093</subfield><subfield code="9">(PHFR)</subfield><subfield code="b">EG-Anbau (32)</subfield><subfield code="c">Paed B 160: 118 a</subfield><subfield code="d">Standardleihe (01)</subfield><subfield code="e">Verfügbar (X)</subfield></datafield></record>