
<record><leader>06840nam a2200000uu 4500</leader><controlfield tag="001">02327086</controlfield><controlfield tag="003">DE-Frei129</controlfield><controlfield tag="005">20220811084048.0</controlfield><controlfield tag="007">tu</controlfield><controlfield tag="008">100525s2010    ||||||||||||||||||||ger||</controlfield><datafield tag="015" ind1=" " ind2=" "><subfield code="a">10,N14</subfield></datafield><datafield tag="016" ind1="7" ind2=" "><subfield code="a">1001215818</subfield><subfield code="2">DE-101</subfield></datafield><datafield tag="020" ind1=" " ind2=" "><subfield code="a">9783895690853</subfield><subfield code="9">978-3-89569-085-3</subfield><subfield code="c">PB. : EUR 10.00</subfield></datafield><datafield tag="024" ind1="3" ind2=" "><subfield code="a">9783895690853</subfield></datafield><datafield tag="035" ind1=" " ind2=" "><subfield code="a">(DE-576)1603155562</subfield></datafield><datafield tag="041" ind1=" " ind2=" "><subfield code="a">ger</subfield></datafield><datafield tag="044" ind1=" " ind2=" "><subfield code="c">XA-DE-NI</subfield></datafield><datafield tag="100" ind1="1" ind2=" "><subfield code="a">Deppner, Martin Roman</subfield><subfield code="0">(DE-Frei129)21023889</subfield><subfield code="0">(DE-588)111814898</subfield></datafield><datafield tag="245" ind1="1" ind2="0"><subfield code="a">Authentizität des Erlebnisses</subfield><subfield code="b">Studien zu Alfred Lichtwark als Wegbereiter der Erlebnispädagogik</subfield><subfield code="c">Martin Roman Deppner</subfield></datafield><datafield tag="260" ind1="3" ind2=" "><subfield code="a">Lüneburg</subfield><subfield code="b">Verl. Ed. Erlebnispädagogik</subfield><subfield code="c">2010</subfield></datafield><datafield tag="300" ind1=" " ind2=" "><subfield code="a">124  Seiten</subfield><subfield code="b">2 Fotos</subfield><subfield code="c">210 mm x 150 mm, 270 gr.</subfield></datafield><datafield tag="490" ind1="1" ind2=" "><subfield code="a">Wegbereiter der modernen Erlebnispädagogik </subfield><subfield code="v">61</subfield></datafield><datafield tag="500" ind1=" " ind2=" "><subfield code="a">5090: ddsu/sred</subfield></datafield><datafield tag="650" ind1=" " ind2="7"><subfield code="a">Ästhetische Erziehung</subfield><subfield code="0">(DE-Frei129)00000772</subfield><subfield code="0">(DE-588)4000628-1</subfield><subfield code="2">gnd</subfield></datafield><datafield tag="650" ind1=" " ind2="7"><subfield code="a">Kunsterziehungsbewegung</subfield><subfield code="0">(DE-Frei129)00061724</subfield><subfield code="0">(DE-588)4166026-2</subfield><subfield code="2">gnd</subfield></datafield><datafield tag="650" ind1=" " ind2="7"><subfield code="a">Kunsterzieher</subfield><subfield code="0">(DE-Frei129)00088883</subfield><subfield code="0">(DE-588)4302182-7</subfield><subfield code="2">gnd</subfield></datafield><datafield tag="650" ind1=" " ind2="7"><subfield code="a">Kunsthistoriker</subfield><subfield code="0">(DE-Frei129)00014565</subfield><subfield code="0">(DE-588)4033654-2</subfield><subfield code="2">gnd</subfield></datafield><datafield tag="650" ind1=" " ind2="7"><subfield code="a">Erlebnispädagogik</subfield><subfield code="0">(DE-Frei129)00044184</subfield><subfield code="0">(DE-588)4128593-1</subfield><subfield code="2">gnd</subfield></datafield><datafield tag="650" ind1=" " ind2="7"><subfield code="a">Museumspädagogik</subfield><subfield code="0">(DE-Frei129)00030891</subfield><subfield code="0">(DE-588)4075108-9</subfield><subfield code="2">gnd</subfield></datafield><datafield tag="650" ind1=" " ind2="7"><subfield code="a">Zeichenunterricht</subfield><subfield code="0">(DE-Frei129)00043568</subfield><subfield code="0">(DE-588)4127816-1</subfield><subfield code="2">gnd</subfield></datafield><datafield tag="651" ind1=" " ind2="7"><subfield code="a">Hamburg</subfield><subfield code="0">(DE-Frei129)00010472</subfield><subfield code="0">(DE-588)4023118-5</subfield><subfield code="2">gnd</subfield></datafield><datafield tag="651" ind1=" " ind2="7"><subfield code="a">Deutschland</subfield><subfield code="0">(DE-Frei129)00005806</subfield><subfield code="0">(DE-588)4011882-4</subfield><subfield code="2">gnd</subfield></datafield><datafield tag="689" ind1="0" ind2="0"><subfield code="0">(DE-588)4023118-5</subfield><subfield code="D">g</subfield><subfield code="a">Hamburg </subfield></datafield><datafield tag="689" ind1="0" ind2="1"><subfield code="0">(DE-588)4011882-4</subfield><subfield code="D">g</subfield><subfield code="a">Deutschland </subfield></datafield><datafield tag="689" ind1="0" ind2="2"><subfield code="0">(DE-588)4000628-1</subfield><subfield code="D">s</subfield><subfield code="a">Ästhetische Erziehung </subfield></datafield><datafield tag="689" ind1="0" ind2="3"><subfield code="0">(DE-588)4166026-2</subfield><subfield code="D">s</subfield><subfield code="a">Kunsterziehungsbewegung </subfield></datafield><datafield tag="689" ind1="0" ind2="4"><subfield code="0">(DE-588)4302182-7</subfield><subfield code="D">s</subfield><subfield code="a">Kunsterzieher </subfield></datafield><datafield tag="689" ind1="0" ind2="5"><subfield code="0">(DE-588)4033654-2</subfield><subfield code="D">s</subfield><subfield code="a">Kunsthistoriker </subfield></datafield><datafield tag="689" ind1="0" ind2="6"><subfield code="0">(DE-588)4128593-1</subfield><subfield code="D">s</subfield><subfield code="a">Erlebnispädagogik </subfield></datafield><datafield tag="689" ind1="0" ind2="7"><subfield code="0">(DE-588)4075108-9</subfield><subfield code="D">s</subfield><subfield code="a">Museumspädagogik </subfield></datafield><datafield tag="689" ind1="0" ind2="8"><subfield code="0">(DE-588)4127816-1</subfield><subfield code="D">s</subfield><subfield code="a">Zeichenunterricht</subfield><subfield code="5">DE-101</subfield></datafield><datafield tag="830" ind1=" " ind2="0"><subfield code="a">Schriftenreihe Wegbereiter der modernen Erlebnispädagogik</subfield><subfield code="v">61</subfield><subfield code="w">(DE-Frei129)00076456</subfield><subfield code="9">261</subfield></datafield><datafield tag="852" ind1=" " ind2=" "><subfield code="a">Frei129</subfield><subfield code="c">Paed D Lic 1: 2</subfield></datafield><datafield tag="856" ind1="4" ind2=" "><subfield code="8">00</subfield><subfield code="u">http://bvbr.bib-bvb.de:8991/F?func=service&amp;doc_library=BVB01&amp;doc_number=020347047&amp;line_number=0001&amp;func_code=DB_RECORDS&amp;service_type=MEDIA</subfield><subfield code="y">Inhaltsverzeichnis</subfield></datafield><datafield tag="980" ind1="0" ind2=" "><subfield code="a">00211184</subfield><subfield code="9">(PHFR)</subfield><subfield code="b">EG-Anbau (32)</subfield><subfield code="c">Paed D Lic 1: 2</subfield><subfield code="d">Standardleihe (01)</subfield><subfield code="e">Verfügbar (X)</subfield></datafield></record>