
<record><leader>04931nam a2200000uu 4500</leader><controlfield tag="001">02327084</controlfield><controlfield tag="003">DE-Frei129</controlfield><controlfield tag="005">20220811084048.0</controlfield><controlfield tag="007">tu</controlfield><controlfield tag="008">100408s2010    ||||||||||||||||||||eng||</controlfield><datafield tag="015" ind1=" " ind2=" "><subfield code="a">10,N14</subfield></datafield><datafield tag="016" ind1="7" ind2=" "><subfield code="a">100125306X</subfield><subfield code="2">DE-101</subfield></datafield><datafield tag="020" ind1=" " ind2=" "><subfield code="a">9781433110221</subfield><subfield code="9">9781433110221</subfield><subfield code="c">casebound : alk. paper</subfield></datafield><datafield tag="020" ind1=" " ind2=" "><subfield code="a">9781433110214</subfield><subfield code="9">9781433110214</subfield><subfield code="c">PB. : ca. EUR 29.00 (freier Pr.), ca. sfr 42.00 (freier Pr.)</subfield></datafield><datafield tag="024" ind1="3" ind2=" "><subfield code="a">9781433110214</subfield></datafield><datafield tag="035" ind1=" " ind2=" "><subfield code="a">(DE-576)623263424</subfield></datafield><datafield tag="041" ind1=" " ind2=" "><subfield code="a">eng</subfield></datafield><datafield tag="044" ind1=" " ind2=" "><subfield code="c">XD-US</subfield><subfield code="c">XA-CH</subfield><subfield code="c">XA-DE</subfield></datafield><datafield tag="100" ind1="1" ind2=" "><subfield code="a">Judson, Gillian</subfield><subfield code="0">(DE-Frei129)00808507</subfield></datafield><datafield tag="245" ind1="1" ind2="2"><subfield code="a">A new approach to ecological education</subfield><subfield code="b">engaging students&apos; imaginations in their world</subfield><subfield code="c">Gillian Judson</subfield></datafield><datafield tag="260" ind1="3" ind2=" "><subfield code="a">New York [u.a.]</subfield><subfield code="b">Lang</subfield><subfield code="c">2010</subfield></datafield><datafield tag="300" ind1=" " ind2=" "><subfield code="a">184 Seiten</subfield><subfield code="b">graph. Darst.</subfield><subfield code="c">230 mm x 160 mm</subfield></datafield><datafield tag="500" ind1=" " ind2=" "><subfield code="a">Includes bibliographical references and index</subfield></datafield><datafield tag="500" ind1=" " ind2=" "><subfield code="a">IMD-Felder maschinell generiert (GBV)</subfield></datafield><datafield tag="650" ind1=" " ind2="7"><subfield code="a">Umwelterziehung</subfield><subfield code="0">(DE-Frei129)00024663</subfield><subfield code="0">(DE-588)4061627-7</subfield><subfield code="2">gnd</subfield></datafield><datafield tag="650" ind1=" " ind2="7"><subfield code="a">Education</subfield><subfield code="x">Social aspects</subfield><subfield code="0">(DE-Frei129)01761542</subfield><subfield code="2">local</subfield></datafield><datafield tag="650" ind1=" " ind2="7"><subfield code="a">Education</subfield><subfield code="x">Environmental aspects</subfield><subfield code="0">(DE-Frei129)14528096</subfield><subfield code="2">local</subfield></datafield><datafield tag="650" ind1=" " ind2="7"><subfield code="a">Climatic changes</subfield><subfield code="0">(DE-Frei129)00237963</subfield><subfield code="2">local</subfield></datafield><datafield tag="650" ind1=" " ind2="7"><subfield code="a">Environmental education</subfield><subfield code="0">(DE-Frei129)00243002</subfield><subfield code="2">local</subfield></datafield><datafield tag="689" ind1="0" ind2="0"><subfield code="0">(DE-588)4061627-7</subfield><subfield code="D">s</subfield><subfield code="a">Umwelterziehung</subfield><subfield code="5">DE-101</subfield></datafield><datafield tag="689" ind1="1" ind2="0"><subfield code="A">s</subfield><subfield code="a">Education / Social aspects</subfield><subfield code="5">DE-101</subfield></datafield><datafield tag="689" ind1="2" ind2="0"><subfield code="A">s</subfield><subfield code="a">Education / Environmental aspects</subfield><subfield code="5">DE-101</subfield></datafield><datafield tag="689" ind1="3" ind2="0"><subfield code="A">s</subfield><subfield code="a">Climatic changes</subfield><subfield code="5">DE-101</subfield></datafield><datafield tag="689" ind1="4" ind2="0"><subfield code="A">s</subfield><subfield code="a">Environmental education</subfield><subfield code="5">DE-101</subfield></datafield><datafield tag="852" ind1=" " ind2=" "><subfield code="a">Frei129</subfield><subfield code="c">Bio F 630: 498</subfield></datafield><datafield tag="856" ind1="4" ind2=" "><subfield code="8">00</subfield><subfield code="u">http://d-nb.info/100125306X/04</subfield><subfield code="y">Inhaltsverzeichnis</subfield></datafield><datafield tag="980" ind1="0" ind2=" "><subfield code="a">00216710</subfield><subfield code="9">(PHFR)</subfield><subfield code="b">UG (33)</subfield><subfield code="c">Bio F 630: 498</subfield><subfield code="d">Standardleihe (01)</subfield><subfield code="e">Verfügbar (X)</subfield></datafield></record>