
<record><leader>03514nam a2200000uu 4500</leader><controlfield tag="001">02327054</controlfield><controlfield tag="003">DE-Frei129</controlfield><controlfield tag="005">20220811084048.0</controlfield><controlfield tag="007">tu</controlfield><controlfield tag="008">100525s2010    ||||||||||||||||||||eng||</controlfield><datafield tag="020" ind1=" " ind2=" "><subfield code="a">0415473438</subfield><subfield code="9">0-415-47343-8</subfield></datafield><datafield tag="020" ind1=" " ind2=" "><subfield code="a">0415473446</subfield><subfield code="9">0-415-47344-6</subfield></datafield><datafield tag="020" ind1=" " ind2=" "><subfield code="a">9780415473439</subfield><subfield code="9">978-0-415-47343-9</subfield></datafield><datafield tag="020" ind1=" " ind2=" "><subfield code="a">9780415473446</subfield><subfield code="9">978-0-415-47344-6</subfield></datafield><datafield tag="035" ind1=" " ind2=" "><subfield code="a">(DE-576)1603147349</subfield></datafield><datafield tag="041" ind1=" " ind2=" "><subfield code="a">eng</subfield></datafield><datafield tag="044" ind1=" " ind2=" "><subfield code="c">XA-GB</subfield></datafield><datafield tag="245" ind1="1" ind2="0"><subfield code="a">Contemporary theories of learning</subfield><subfield code="b">learning theorists - in their own words</subfield><subfield code="c">ed. by Knud Illeris</subfield></datafield><datafield tag="250" ind1=" " ind2=" "><subfield code="a">Reprint.</subfield></datafield><datafield tag="260" ind1="3" ind2=" "><subfield code="a">London [u.a.]</subfield><subfield code="b">Taylor &amp; Francis Ltd</subfield><subfield code="c">2010</subfield></datafield><datafield tag="300" ind1=" " ind2=" "><subfield code="a">VIII, 235  Seiten</subfield><subfield code="b">graph. Darst.</subfield></datafield><datafield tag="500" ind1=" " ind2=" "><subfield code="a">5090: SBU314</subfield></datafield><datafield tag="650" ind1=" " ind2="7"><subfield code="a">Learning</subfield><subfield code="0">(DE-Frei129)00238661</subfield><subfield code="2">local</subfield></datafield><datafield tag="650" ind1=" " ind2="7"><subfield code="a">Philosophy</subfield><subfield code="0">(DE-Frei129)00228387</subfield><subfield code="2">local</subfield></datafield><datafield tag="650" ind1=" " ind2="7"><subfield code="a">Adult learning</subfield><subfield code="0">(DE-Frei129)00242251</subfield><subfield code="2">local</subfield></datafield><datafield tag="689" ind1="0" ind2="0"><subfield code="A">s</subfield><subfield code="a">Learning </subfield></datafield><datafield tag="689" ind1="0" ind2="1"><subfield code="A">s</subfield><subfield code="a">Philosophy</subfield><subfield code="5">DE-101</subfield></datafield><datafield tag="689" ind1="1" ind2="0"><subfield code="A">s</subfield><subfield code="a">Adult learning</subfield><subfield code="5">DE-101</subfield></datafield><datafield tag="700" ind1="1" ind2=" "><subfield code="0">(DE-588)142655988</subfield><subfield code="0">(DE-Frei129)03000809</subfield><subfield code="a">Illeris, Knud</subfield><subfield code="4">Hrsg.</subfield></datafield><datafield tag="852" ind1=" " ind2=" "><subfield code="a">Frei129</subfield><subfield code="c">Psy G 30: 26</subfield></datafield><datafield tag="980" ind1="0" ind2=" "><subfield code="a">00231466</subfield><subfield code="9">(PHFR)</subfield><subfield code="b">EG-Anbau (32)</subfield><subfield code="c">Psy G 30: 26</subfield><subfield code="d">Standardleihe (01)</subfield><subfield code="e">Verfügbar (X)</subfield></datafield></record>