
<record><leader>06167nam a2200000uu 4500</leader><controlfield tag="001">02327004</controlfield><controlfield tag="003">DE-Frei129</controlfield><controlfield tag="005">20220811084048.0</controlfield><controlfield tag="007">tu</controlfield><controlfield tag="008">100520s2010    ||||||||||||||||||||eng||</controlfield><datafield tag="020" ind1=" " ind2=" "><subfield code="a">9781433107610</subfield><subfield code="9">978-1-4331-0761-0</subfield></datafield><datafield tag="020" ind1=" " ind2=" "><subfield code="a">9781433107603</subfield><subfield code="9">978-1-433-10760-3</subfield><subfield code="c">paperback : alk. paper</subfield></datafield><datafield tag="035" ind1=" " ind2=" "><subfield code="a">(DE-576)1603110151</subfield></datafield><datafield tag="041" ind1=" " ind2=" "><subfield code="a">eng</subfield></datafield><datafield tag="044" ind1=" " ind2=" "><subfield code="c">XD-US</subfield></datafield><datafield tag="245" ind1="1" ind2="0"><subfield code="a">Media education goes to school</subfield><subfield code="b">young people make meaning of media and urban education</subfield><subfield code="c">Allison Butler</subfield></datafield><datafield tag="260" ind1="3" ind2=" "><subfield code="a">New York ; Bern ; Frankfurt am Main ; Berlin ; Vienna [u.a.]</subfield><subfield code="b">Lang</subfield><subfield code="c">2010</subfield></datafield><datafield tag="300" ind1=" " ind2=" "><subfield code="a">XIII, 232  Seiten</subfield></datafield><datafield tag="490" ind1="1" ind2=" "><subfield code="a">Minding the media </subfield><subfield code="v">1</subfield></datafield><datafield tag="500" ind1=" " ind2=" "><subfield code="a">Includes bibliographical references and index</subfield></datafield><datafield tag="500" ind1=" " ind2=" "><subfield code="a">5090: ddsu/sred</subfield></datafield><datafield tag="650" ind1=" " ind2="7"><subfield code="a">Medienpädagogik</subfield><subfield code="0">(DE-Frei129)00008121</subfield><subfield code="0">(DE-588)4074659-8</subfield><subfield code="2">gnd</subfield></datafield><datafield tag="650" ind1=" " ind2="7"><subfield code="a">Sekundarstufe</subfield><subfield code="0">(DE-Frei129)00011250</subfield><subfield code="0">(DE-588)4077347-4</subfield><subfield code="2">gnd</subfield></datafield><datafield tag="650" ind1=" " ind2="7"><subfield code="a">Mass media</subfield><subfield code="0">(DE-Frei129)00238989</subfield><subfield code="2">local</subfield></datafield><datafield tag="650" ind1=" " ind2="7"><subfield code="a">Study and teaching (Secondary)</subfield><subfield code="0">(DE-Frei129)00242376</subfield><subfield code="2">local</subfield></datafield><datafield tag="650" ind1=" " ind2="7"><subfield code="a">United States</subfield><subfield code="0">(DE-Frei129)00237129</subfield><subfield code="2">local</subfield></datafield><datafield tag="650" ind1=" " ind2="7"><subfield code="a">Media literacy</subfield><subfield code="0">(DE-Frei129)00243948</subfield><subfield code="2">local</subfield></datafield><datafield tag="650" ind1=" " ind2="7"><subfield code="a">Education, Urban</subfield><subfield code="0">(DE-Frei129)00442103</subfield><subfield code="2">local</subfield></datafield><datafield tag="651" ind1=" " ind2="7"><subfield code="a">USA</subfield><subfield code="0">(DE-Frei129)00031006</subfield><subfield code="0">(DE-588)4078704-7</subfield><subfield code="2">gnd</subfield></datafield><datafield tag="689" ind1="0" ind2="0"><subfield code="0">(DE-588)4078704-7</subfield><subfield code="D">g</subfield><subfield code="a">USA </subfield></datafield><datafield tag="689" ind1="0" ind2="1"><subfield code="0">(DE-588)4074659-8</subfield><subfield code="D">s</subfield><subfield code="a">Medienpädagogik </subfield></datafield><datafield tag="689" ind1="0" ind2="2"><subfield code="0">(DE-588)4077347-4</subfield><subfield code="D">s</subfield><subfield code="a">Sekundarstufe</subfield><subfield code="5">DE-101</subfield></datafield><datafield tag="689" ind1="1" ind2="0"><subfield code="A">s</subfield><subfield code="a">Mass media </subfield></datafield><datafield tag="689" ind1="1" ind2="1"><subfield code="A">s</subfield><subfield code="a">Study and teaching (Secondary) </subfield></datafield><datafield tag="689" ind1="1" ind2="2"><subfield code="A">s</subfield><subfield code="a">United States</subfield><subfield code="5">DE-101</subfield></datafield><datafield tag="689" ind1="2" ind2="0"><subfield code="A">s</subfield><subfield code="a">Media literacy </subfield></datafield><datafield tag="689" ind1="2" ind2="1"><subfield code="A">s</subfield><subfield code="a">Study and teaching (Secondary) </subfield></datafield><datafield tag="689" ind1="2" ind2="2"><subfield code="A">s</subfield><subfield code="a">United States</subfield><subfield code="5">DE-101</subfield></datafield><datafield tag="689" ind1="3" ind2="0"><subfield code="A">s</subfield><subfield code="a">Education, Urban </subfield></datafield><datafield tag="689" ind1="3" ind2="1"><subfield code="A">s</subfield><subfield code="a">United States</subfield><subfield code="5">DE-101</subfield></datafield><datafield tag="700" ind1="1" ind2=" "><subfield code="0">(DE-588)1016398212</subfield><subfield code="0">(DE-Frei129)00812556</subfield><subfield code="a">Butler, Allison</subfield><subfield code="4">aut</subfield></datafield><datafield tag="830" ind1=" " ind2="0"><subfield code="a">Minding the media</subfield><subfield code="v">1</subfield><subfield code="w">(DE-Frei129)02263268</subfield><subfield code="9">11</subfield></datafield><datafield tag="852" ind1=" " ind2=" "><subfield code="a">Frei129</subfield><subfield code="c">Paed M 600: 76</subfield></datafield><datafield tag="856" ind1="4" ind2=" "><subfield code="8">00</subfield><subfield code="u">http://d-nb.info/996165541/04</subfield><subfield code="y">Inhaltsverzeichnis</subfield></datafield><datafield tag="980" ind1="0" ind2=" "><subfield code="a">00219182</subfield><subfield code="9">(PHFR)</subfield><subfield code="b">EG-Anbau (32)</subfield><subfield code="c">Paed M 600: 76</subfield><subfield code="d">Standardleihe (01)</subfield><subfield code="e">Verfügbar (X)</subfield></datafield></record>