
<record><leader>04918nam a2200000uu 4500</leader><controlfield tag="001">02326916</controlfield><controlfield tag="003">DE-Frei129</controlfield><controlfield tag="005">20220811084048.0</controlfield><controlfield tag="007">tu</controlfield><controlfield tag="008">100519s2010    ||||||||||||||||||||ger||</controlfield><datafield tag="015" ind1=" " ind2=" "><subfield code="a">10,A13</subfield></datafield><datafield tag="016" ind1="7" ind2=" "><subfield code="a">998917109</subfield><subfield code="2">DE-101</subfield></datafield><datafield tag="020" ind1=" " ind2=" "><subfield code="a">9783548413020</subfield><subfield code="9">9783548413020</subfield><subfield code="c">kart. : EUR 6.95 (DE), EUR 7.20 (AT), sfr 12.90 (freier Pr.)</subfield></datafield><datafield tag="024" ind1="3" ind2=" "><subfield code="a">9783548413020</subfield></datafield><datafield tag="035" ind1=" " ind2=" "><subfield code="a">(DE-576)1603076360</subfield></datafield><datafield tag="041" ind1=" " ind2=" "><subfield code="a">ger</subfield></datafield><datafield tag="044" ind1=" " ind2=" "><subfield code="c">XA-DE-BE</subfield></datafield><datafield tag="100" ind1="1" ind2=" "><subfield code="a">Prinz, ...</subfield><subfield code="0">(DE-Frei129)00124709</subfield></datafield><datafield tag="245" ind1="1" ind2="0"><subfield code="a">Bloggen und Twittern ganz einfach</subfield><subfield code="b">[Weblog gestalten, Bilder und Videos einbinden, Beiträge veröffentlichen und schützen, Kommentare beantworten, Twitter einrichten, Kurznachrichten verfassen und empfangen]</subfield><subfield code="c">Prinz &amp; Erle</subfield></datafield><datafield tag="250" ind1=" " ind2=" "><subfield code="a">Orig.-Ausg.</subfield></datafield><datafield tag="260" ind1="3" ind2=" "><subfield code="a">Berlin</subfield><subfield code="b">Ullstein</subfield><subfield code="c">2010</subfield></datafield><datafield tag="300" ind1=" " ind2=" "><subfield code="a">129 Seiten</subfield><subfield code="b">Ill.</subfield><subfield code="c">19 cm</subfield></datafield><datafield tag="490" ind1="0" ind2=" "><subfield code="a">Ullstein </subfield><subfield code="v">41302</subfield></datafield><datafield tag="490" ind1="0" ind2=" "><subfield code="a">Computer-Bild</subfield></datafield><datafield tag="650" ind1=" " ind2="7"><subfield code="a">Weblog</subfield><subfield code="0">(DE-Frei129)00108585</subfield><subfield code="0">(DE-588)4678688-0</subfield><subfield code="2">gnd</subfield></datafield><datafield tag="650" ind1=" " ind2="7"><subfield code="a">Gestaltung</subfield><subfield code="0">(DE-Frei129)00003859</subfield><subfield code="0">(DE-588)4157139-3</subfield><subfield code="2">gnd</subfield></datafield><datafield tag="650" ind1=" " ind2="7"><subfield code="a">Twitter</subfield><subfield code="x">Softwareplattform</subfield><subfield code="0">(DE-Frei129)00123899</subfield><subfield code="0">(DE-588)7660487-1</subfield><subfield code="2">gnd</subfield></datafield><datafield tag="651" ind1=" " ind2="7"><subfield code="a">Softwareplattform</subfield><subfield code="0">(DE-Frei129)00758349</subfield><subfield code="2">local</subfield></datafield><datafield tag="689" ind1="0" ind2="0"><subfield code="0">(DE-588)4678688-0</subfield><subfield code="D">s</subfield><subfield code="a">Weblog </subfield></datafield><datafield tag="689" ind1="0" ind2="1"><subfield code="0">(DE-588)4157139-3</subfield><subfield code="D">s</subfield><subfield code="a">Gestaltung</subfield><subfield code="5">DE-101</subfield></datafield><datafield tag="689" ind1="1" ind2="0"><subfield code="0">(DE-588)7660487-1</subfield><subfield code="D">s</subfield><subfield code="a">Twitter / Softwareplattform </subfield></datafield><datafield tag="689" ind1="1" ind2="1"><subfield code="A">s</subfield><subfield code="a">Softwareplattform</subfield><subfield code="5">DE-101</subfield></datafield><datafield tag="700" ind1="1" ind2=" "><subfield code="0">(DE-Frei129)00483047</subfield><subfield code="a">Erle, Andreas</subfield><subfield code="4">aut</subfield></datafield><datafield tag="852" ind1=" " ind2=" "><subfield code="a">Frei129</subfield><subfield code="c">EDV M 100: 12</subfield></datafield><datafield tag="856" ind1="4" ind2=" "><subfield code="8">00</subfield><subfield code="u">http://deposit.d-nb.de/cgi-bin/dokserv?id=3396778&amp;prov=M&amp;dok_var=1&amp;dok_ext=htm</subfield><subfield code="y">Inhaltstext</subfield></datafield><datafield tag="856" ind1="4" ind2=" "><subfield code="8">01</subfield><subfield code="u">http://d-nb.info/998917109/04</subfield><subfield code="y">Verlagsinformation</subfield></datafield><datafield tag="980" ind1="0" ind2=" "><subfield code="a">00211011</subfield><subfield code="9">(PHFR)</subfield><subfield code="b">UG (33)</subfield><subfield code="c">EDV M 100: 12</subfield><subfield code="d">Standardleihe (01)</subfield><subfield code="e">Verfügbar (X)</subfield></datafield></record>