
<record><leader>07067nam a2200000uu 4500</leader><controlfield tag="001">02326874</controlfield><controlfield tag="003">DE-Frei129</controlfield><controlfield tag="005">20220811084048.0</controlfield><controlfield tag="007">tu</controlfield><controlfield tag="008">100406s2010    |||||||||m||||||||||ger||</controlfield><datafield tag="016" ind1="7" ind2=" "><subfield code="a">1000907686</subfield><subfield code="2">DE-101</subfield></datafield><datafield tag="020" ind1=" " ind2=" "><subfield code="a">9783830050797</subfield><subfield code="9">9783830050797</subfield><subfield code="c">PB. : EUR 88.00</subfield></datafield><datafield tag="024" ind1="3" ind2=" "><subfield code="a">9783830050797</subfield></datafield><datafield tag="035" ind1=" " ind2=" "><subfield code="a">(DE-576)623045532</subfield></datafield><datafield tag="041" ind1=" " ind2=" "><subfield code="a">ger</subfield></datafield><datafield tag="044" ind1=" " ind2=" "><subfield code="c">XA-DE-HH</subfield></datafield><datafield tag="245" ind1="1" ind2="0"><subfield code="a">Übergewicht und Adipositas Jugendlicher im Kontext von mangelndem kulturellen und sozialen Kapital</subfield><subfield code="b">ein Baustein zur Erklärung fortschreitenden Übergewichts Heranwachsender</subfield><subfield code="c">Elisabeth Schumacher</subfield></datafield><datafield tag="260" ind1="3" ind2=" "><subfield code="a">Hamburg</subfield><subfield code="b">Kovač</subfield><subfield code="c">2010</subfield></datafield><datafield tag="300" ind1=" " ind2=" "><subfield code="a">284 Seiten</subfield><subfield code="b">Ill., graph. Darst.</subfield><subfield code="c">210 mm x 148 mm, 367 gr.</subfield></datafield><datafield tag="490" ind1="1" ind2=" "><subfield code="a">Schriftenreihe Schriften zur Sozialpsychologie </subfield><subfield code="v">22</subfield></datafield><datafield tag="500" ind1=" " ind2=" "><subfield code="a">Düsseldorf</subfield></datafield><datafield tag="500" ind1=" " ind2=" "><subfield code="a">Literaturverz. S. 251 - 267</subfield></datafield><datafield tag="500" ind1=" " ind2=" "><subfield code="a">IMD-Felder maschinell generiert (GBV)</subfield></datafield><datafield tag="502" ind1=" " ind2=" "><subfield code="a">Zugl.: Düsseldorf, Univ., Diss., 2009</subfield></datafield><datafield tag="650" ind1=" " ind2="7"><subfield code="a">Jugend</subfield><subfield code="0">(DE-Frei129)00001631</subfield><subfield code="0">(DE-588)4028859-6</subfield><subfield code="2">gnd</subfield></datafield><datafield tag="650" ind1=" " ind2="7"><subfield code="a">Übergewicht</subfield><subfield code="0">(DE-Frei129)00008043</subfield><subfield code="0">(DE-588)4061388-4</subfield><subfield code="2">gnd</subfield></datafield><datafield tag="650" ind1=" " ind2="7"><subfield code="a">Essgewohnheit</subfield><subfield code="0">(DE-Frei129)00051612</subfield><subfield code="0">(DE-588)4139275-9</subfield><subfield code="2">gnd</subfield></datafield><datafield tag="650" ind1=" " ind2="7"><subfield code="a">Wertorientierung</subfield><subfield code="0">(DE-Frei129)00006535</subfield><subfield code="0">(DE-588)4132695-7</subfield><subfield code="2">gnd</subfield></datafield><datafield tag="650" ind1=" " ind2="7"><subfield code="a">Kulturelles Kapital</subfield><subfield code="0">(DE-Frei129)00172845</subfield><subfield code="0">(DE-588)4805986-9</subfield><subfield code="2">gnd</subfield></datafield><datafield tag="650" ind1=" " ind2="7"><subfield code="a">Soziales Kapital</subfield><subfield code="0">(DE-Frei129)00103263</subfield><subfield code="0">(DE-588)4510173-5</subfield><subfield code="2">gnd</subfield></datafield><datafield tag="650" ind1=" " ind2="7"><subfield code="a">Fettsucht</subfield><subfield code="0">(DE-Frei129)00008042</subfield><subfield code="0">(DE-588)4016953-4</subfield><subfield code="2">gnd</subfield></datafield><datafield tag="689" ind1="0" ind2="0"><subfield code="0">(DE-588)4028859-6</subfield><subfield code="D">s</subfield><subfield code="a">Jugend </subfield></datafield><datafield tag="689" ind1="0" ind2="1"><subfield code="0">(DE-588)4061388-4</subfield><subfield code="D">s</subfield><subfield code="a">Übergewicht </subfield></datafield><datafield tag="689" ind1="0" ind2="2"><subfield code="0">(DE-588)4139275-9</subfield><subfield code="D">s</subfield><subfield code="a">Essgewohnheit </subfield></datafield><datafield tag="689" ind1="0" ind2="3"><subfield code="0">(DE-588)4132695-7</subfield><subfield code="D">s</subfield><subfield code="a">Wertorientierung </subfield></datafield><datafield tag="689" ind1="0" ind2="4"><subfield code="0">(DE-588)4805986-9</subfield><subfield code="D">s</subfield><subfield code="a">Kulturelles Kapital </subfield></datafield><datafield tag="689" ind1="0" ind2="5"><subfield code="0">(DE-588)4510173-5</subfield><subfield code="D">s</subfield><subfield code="a">Soziales Kapital</subfield><subfield code="5">DE-101</subfield></datafield><datafield tag="689" ind1="1" ind2="0"><subfield code="0">(DE-588)4016953-4</subfield><subfield code="D">s</subfield><subfield code="a">Fettsucht</subfield><subfield code="5">DE-101</subfield></datafield><datafield tag="700" ind1="1" ind2=" "><subfield code="0">(DE-588)141175648</subfield><subfield code="0">(DE-Frei129)00812229</subfield><subfield code="a">Schumacher, Elisabeth</subfield><subfield code="4">aut</subfield></datafield><datafield tag="830" ind1=" " ind2="0"><subfield code="a">Schriftenreihe Schriften zur Sozialpsychologie</subfield><subfield code="v">22</subfield><subfield code="w">(DE-Frei129)08003815</subfield><subfield code="9">222</subfield></datafield><datafield tag="852" ind1=" " ind2=" "><subfield code="a">Frei129</subfield><subfield code="c">Psy K 330: 85</subfield></datafield><datafield tag="856" ind1="4" ind2=" "><subfield code="8">00</subfield><subfield code="u">http://d-nb.info/1000907686/04</subfield><subfield code="y">Inhaltsverzeichnis</subfield></datafield><datafield tag="856" ind1="4" ind2=" "><subfield code="8">01</subfield><subfield code="u">http://www.verlagdrkovac.de/978-3-8300-5079-7.htm</subfield><subfield code="y">Ausführliche Beschreibung</subfield></datafield><datafield tag="856" ind1="4" ind2=" "><subfield code="8">02</subfield><subfield code="u">http://swbplus.bsz-bw.de/bsz323202322cov.htm</subfield><subfield code="y">Cover</subfield></datafield><datafield tag="856" ind1="4" ind2=" "><subfield code="8">03</subfield><subfield code="u">http://swbplus.bsz-bw.de/bsz323202322inh.htm</subfield><subfield code="y">Inhaltsverzeichnis</subfield></datafield><datafield tag="856" ind1="4" ind2=" "><subfield code="8">04</subfield><subfield code="u">http://www.verlagdrkovac.de/978-3-8300-5079-7.htm</subfield><subfield code="y">Ausführliche Beschreibung</subfield></datafield><datafield tag="980" ind1="0" ind2=" "><subfield code="a">00212666</subfield><subfield code="9">(PHFR)</subfield><subfield code="b">EG-Anbau (32)</subfield><subfield code="c">Psy K 330: 85</subfield><subfield code="d">Standardleihe (01)</subfield><subfield code="e">Verfügbar (X)</subfield></datafield></record>