
<record><leader>05232nam a2200000uu 4500</leader><controlfield tag="001">02326847</controlfield><controlfield tag="003">DE-Frei129</controlfield><controlfield tag="005">20220811084048.0</controlfield><controlfield tag="007">tu</controlfield><controlfield tag="008">100224s2010    ||||||||||||||||||||ger||</controlfield><datafield tag="015" ind1=" " ind2=" "><subfield code="a">10,A14</subfield></datafield><datafield tag="016" ind1="7" ind2=" "><subfield code="a">1000285316</subfield><subfield code="2">DE-101</subfield></datafield><datafield tag="020" ind1=" " ind2=" "><subfield code="a">9783865231604</subfield><subfield code="9">9783865231604</subfield><subfield code="c">kart. : EUR 19.80</subfield></datafield><datafield tag="024" ind1="3" ind2=" "><subfield code="a">9783865231604</subfield></datafield><datafield tag="035" ind1=" " ind2=" "><subfield code="a">(DE-576)619696052</subfield></datafield><datafield tag="041" ind1=" " ind2=" "><subfield code="a">ger</subfield></datafield><datafield tag="044" ind1=" " ind2=" "><subfield code="c">XA-DE-NW</subfield></datafield><datafield tag="100" ind1="1" ind2=" "><subfield code="a">Jönssen, János</subfield><subfield code="0">(DE-Frei129)01532804</subfield></datafield><datafield tag="245" ind1="1" ind2="0"><subfield code="a">John Dalton 1766 - 1844</subfield><subfield code="b">ein Unterrichtskonzept zur Chemiegeschichte</subfield><subfield code="c">János Jönssen; Günther Harsch</subfield></datafield><datafield tag="260" ind1="3" ind2=" "><subfield code="a">Münster</subfield><subfield code="b">Schüling</subfield><subfield code="c">2010</subfield></datafield><datafield tag="300" ind1=" " ind2=" "><subfield code="a">57, [26] Seiten</subfield><subfield code="b">Ill., graph. Darst</subfield><subfield code="c">30 cm, 245 gr.</subfield></datafield><datafield tag="500" ind1=" " ind2=" "><subfield code="a">Literaturverz. S. 54 - 55</subfield></datafield><datafield tag="500" ind1=" " ind2=" "><subfield code="a">IMD-Felder maschinell generiert (GBV)</subfield></datafield><datafield tag="600" ind1="1" ind2="7"><subfield code="0">(DE-Frei129)00806299</subfield><subfield code="0">(DE-588)118678671</subfield><subfield code="a">Dalton, John</subfield><subfield code="2">gnd</subfield></datafield><datafield tag="650" ind1=" " ind2="7"><subfield code="a">Chemiegeschichte</subfield><subfield code="x">Fach</subfield><subfield code="0">(DE-Frei129)00751202</subfield><subfield code="0">(DE-588)7678009-0</subfield><subfield code="2">gnd</subfield></datafield><datafield tag="650" ind1=" " ind2="7"><subfield code="a">Chemieunterricht</subfield><subfield code="0">(DE-Frei129)00004923</subfield><subfield code="0">(DE-588)4009832-1</subfield><subfield code="2">gnd</subfield></datafield><datafield tag="650" ind1=" " ind2="7"><subfield code="a">Sekundarstufe</subfield><subfield code="0">(DE-Frei129)00011250</subfield><subfield code="0">(DE-588)4077347-4</subfield><subfield code="2">gnd</subfield></datafield><datafield tag="651" ind1=" " ind2="7"><subfield code="a">Fach</subfield><subfield code="0">(DE-Frei129)00757468</subfield><subfield code="2">local</subfield></datafield><datafield tag="689" ind1="0" ind2="0"><subfield code="0">(DE-588)118678671</subfield><subfield code="D">p</subfield><subfield code="a">Dalton, John </subfield></datafield><datafield tag="689" ind1="0" ind2="1"><subfield code="0">(DE-588)7678009-0</subfield><subfield code="D">s</subfield><subfield code="a">Chemiegeschichte / Fach </subfield></datafield><datafield tag="689" ind1="0" ind2="2"><subfield code="A">s</subfield><subfield code="a">Fach </subfield></datafield><datafield tag="689" ind1="0" ind2="3"><subfield code="0">(DE-588)4009832-1</subfield><subfield code="D">s</subfield><subfield code="a">Chemieunterricht </subfield></datafield><datafield tag="689" ind1="0" ind2="4"><subfield code="0">(DE-588)4077347-4</subfield><subfield code="D">s</subfield><subfield code="a">Sekundarstufe</subfield><subfield code="5">DE-101</subfield></datafield><datafield tag="700" ind1="1" ind2=" "><subfield code="0">(DE-Frei129)00021566</subfield><subfield code="a">Harsch, Günther</subfield><subfield code="4">aut</subfield></datafield><datafield tag="700" ind1="1" ind2=" "><subfield code="0">(DE-588)118678671</subfield><subfield code="0">(DE-Frei129)00806299</subfield><subfield code="a">Dalton, John</subfield><subfield code="4">aut</subfield></datafield><datafield tag="852" ind1=" " ind2=" "><subfield code="a">Frei129</subfield><subfield code="c">Che G 90: 5</subfield></datafield><datafield tag="856" ind1="4" ind2=" "><subfield code="8">00</subfield><subfield code="u">http://d-nb.info/1000285316/04</subfield><subfield code="y">Kurzbeschreibung des Verlags</subfield></datafield><datafield tag="856" ind1="4" ind2=" "><subfield code="8">01</subfield><subfield code="u">http://d-nb.info/1000285316/04</subfield><subfield code="y">Verlagsinformation</subfield></datafield><datafield tag="980" ind1="0" ind2=" "><subfield code="a">00213878</subfield><subfield code="9">(PHFR)</subfield><subfield code="b">UG (33)</subfield><subfield code="c">Che G 90: 5</subfield><subfield code="d">Standardleihe (01)</subfield><subfield code="e">Verfügbar (X)</subfield></datafield></record>