
<record><leader>07665nam a2200000uu 4500</leader><controlfield tag="001">02326844</controlfield><controlfield tag="003">DE-Frei129</controlfield><controlfield tag="005">20220811084048.0</controlfield><controlfield tag="007">tu</controlfield><controlfield tag="008">100514s2010    ||||||||||||||||||||ger||</controlfield><datafield tag="015" ind1=" " ind2=" "><subfield code="a">10,A14</subfield></datafield><datafield tag="016" ind1="7" ind2=" "><subfield code="a">1001028295</subfield><subfield code="2">DE-101</subfield></datafield><datafield tag="020" ind1=" " ind2=" "><subfield code="a">9783640545339</subfield><subfield code="9">978-3-640-54533-9</subfield><subfield code="c">kart. : EUR 39.90</subfield></datafield><datafield tag="035" ind1=" " ind2=" "><subfield code="a">(DE-576)1603019480</subfield></datafield><datafield tag="041" ind1=" " ind2=" "><subfield code="a">ger</subfield></datafield><datafield tag="044" ind1=" " ind2=" "><subfield code="c">XA-DE-BY</subfield></datafield><datafield tag="100" ind1="1" ind2=" "><subfield code="a">Sardina, Alexander-Martin</subfield><subfield code="0">(DE-Frei129)00812175</subfield><subfield code="0">(DE-588)140532153</subfield></datafield><datafield tag="245" ind1="1" ind2="4"><subfield code="a">Die nationalpolitischen Erziehungsanstalten (NAPOLAs) als Beleg für widersprüchliche NS-Erziehungskonzeptionen im Dritten Reich</subfield><subfield code="b">Diskurs und Zeitzeugenbefragung; Examensarbeit</subfield><subfield code="c">Alexander-Martin Sardina</subfield></datafield><datafield tag="250" ind1=" " ind2=" "><subfield code="a">Gekürzte Buchausg.</subfield></datafield><datafield tag="260" ind1="3" ind2=" "><subfield code="a">[München]</subfield><subfield code="b">GRIN-Verl.</subfield><subfield code="c">2010</subfield></datafield><datafield tag="300" ind1=" " ind2=" "><subfield code="a">120  Seiten</subfield><subfield code="b">graph. Darst.</subfield><subfield code="c">21 cm</subfield></datafield><datafield tag="500" ind1=" " ind2=" "><subfield code="a">Hergestellt on demand</subfield></datafield><datafield tag="500" ind1=" " ind2=" "><subfield code="a">5550-5551: S1UB10</subfield></datafield><datafield tag="610" ind1="2" ind2="7"><subfield code="a">Schulfarm Insel Scharfenberg</subfield><subfield code="0">(DE-Frei129)00327367</subfield><subfield code="0">(DE-588)45045-5</subfield><subfield code="2">gnd</subfield></datafield><datafield tag="648" ind1=" " ind2="7"><subfield code="a">Geschichte</subfield><subfield code="0">(DE-Frei129)00000468</subfield><subfield code="2">local</subfield></datafield><datafield tag="650" ind1=" " ind2="7"><subfield code="a">Nationalsozialismus</subfield><subfield code="0">(DE-Frei129)00006282</subfield><subfield code="0">(DE-588)4041316-0</subfield><subfield code="2">gnd</subfield></datafield><datafield tag="650" ind1=" " ind2="7"><subfield code="a">Schulpolitik</subfield><subfield code="0">(DE-Frei129)00021647</subfield><subfield code="0">(DE-588)4053532-0</subfield><subfield code="2">gnd</subfield></datafield><datafield tag="650" ind1=" " ind2="7"><subfield code="a">Nationalpolitische Erziehungsanstalt</subfield><subfield code="0">(DE-Frei129)00063729</subfield><subfield code="0">(DE-588)4171225-0</subfield><subfield code="2">gnd</subfield></datafield><datafield tag="650" ind1=" " ind2="7"><subfield code="a">Erziehungsphilosophie</subfield><subfield code="0">(DE-Frei129)00028596</subfield><subfield code="0">(DE-588)4070955-3</subfield><subfield code="2">gnd</subfield></datafield><datafield tag="650" ind1=" " ind2="7"><subfield code="a">Bildungsideal</subfield><subfield code="0">(DE-Frei129)00028609</subfield><subfield code="0">(DE-588)4112763-8</subfield><subfield code="2">gnd</subfield></datafield><datafield tag="650" ind1=" " ind2="7"><subfield code="a">Ehemaliger Schüler</subfield><subfield code="0">(DE-Frei129)00105060</subfield><subfield code="0">(DE-588)4554555-8</subfield><subfield code="2">gnd</subfield></datafield><datafield tag="651" ind1=" " ind2="7"><subfield code="a">Berlin, West</subfield><subfield code="0">(DE-Frei129)00764231</subfield><subfield code="2">local</subfield></datafield><datafield tag="651" ind1=" " ind2="7"><subfield code="a">Deutschland</subfield><subfield code="0">(DE-Frei129)00005806</subfield><subfield code="0">(DE-588)4011882-4</subfield><subfield code="2">gnd</subfield></datafield><datafield tag="655" ind1=" " ind2="7"><subfield code="a">Interview</subfield><subfield code="0">(DE-Frei129)00000184</subfield><subfield code="2">local</subfield></datafield><datafield tag="689" ind1="0" ind2="0"><subfield code="0">(DE-588)4041316-0</subfield><subfield code="D">s</subfield><subfield code="a">Nationalsozialismus </subfield></datafield><datafield tag="689" ind1="0" ind2="1"><subfield code="0">(DE-588)4053532-0</subfield><subfield code="D">s</subfield><subfield code="a">Schulpolitik </subfield></datafield><datafield tag="689" ind1="0" ind2="2"><subfield code="0">(DE-588)4171225-0</subfield><subfield code="D">s</subfield><subfield code="a">Nationalpolitische Erziehungsanstalt </subfield></datafield><datafield tag="689" ind1="0" ind2="3"><subfield code="A">s</subfield><subfield code="a">Geschichte</subfield><subfield code="5">DE-101</subfield></datafield><datafield tag="689" ind1="1" ind2="0"><subfield code="0">(DE-588)4171225-0</subfield><subfield code="D">s</subfield><subfield code="a">Nationalpolitische Erziehungsanstalt </subfield></datafield><datafield tag="689" ind1="1" ind2="1"><subfield code="A">s</subfield><subfield code="a">Interview</subfield><subfield code="5">DE-101</subfield></datafield><datafield tag="689" ind1="2" ind2="0"><subfield code="0">(DE-588)45045-5</subfield><subfield code="D">b</subfield><subfield code="a">Schulfarm Insel Scharfenberg </subfield></datafield><datafield tag="689" ind1="2" ind2="1"><subfield code="A">s</subfield><subfield code="a">Berlin, West </subfield></datafield><datafield tag="689" ind1="2" ind2="2"><subfield code="0">(DE-588)4011882-4</subfield><subfield code="D">g</subfield><subfield code="a">Deutschland </subfield></datafield><datafield tag="689" ind1="2" ind2="3"><subfield code="0">(DE-588)4171225-0</subfield><subfield code="D">s</subfield><subfield code="a">Nationalpolitische Erziehungsanstalt </subfield></datafield><datafield tag="689" ind1="2" ind2="4"><subfield code="0">(DE-588)4070955-3</subfield><subfield code="D">s</subfield><subfield code="a">Erziehungsphilosophie </subfield></datafield><datafield tag="689" ind1="2" ind2="5"><subfield code="0">(DE-588)4112763-8</subfield><subfield code="D">s</subfield><subfield code="a">Bildungsideal </subfield></datafield><datafield tag="689" ind1="2" ind2="6"><subfield code="0">(DE-588)4041316-0</subfield><subfield code="D">s</subfield><subfield code="a">Nationalsozialismus </subfield></datafield><datafield tag="689" ind1="2" ind2="7"><subfield code="0">(DE-588)4554555-8</subfield><subfield code="D">s</subfield><subfield code="a">Ehemaliger Schüler</subfield><subfield code="5">DE-101</subfield></datafield><datafield tag="852" ind1=" " ind2=" "><subfield code="a">Frei129</subfield><subfield code="c">Paed C 700: 98</subfield></datafield><datafield tag="856" ind1="4" ind2=" "><subfield code="8">00</subfield><subfield code="u">http://d-nb.info/1001028295/04</subfield><subfield code="y">Inhaltsverzeichnis</subfield></datafield><datafield tag="980" ind1="0" ind2=" "><subfield code="a">00211158</subfield><subfield code="9">(PHFR)</subfield><subfield code="b">EG-Anbau (32)</subfield><subfield code="c">Paed C 700: 98</subfield><subfield code="d">Standardleihe (01)</subfield><subfield code="e">Verfügbar (X)</subfield></datafield></record>