
<record><leader>07363nam a2200000uu 4500</leader><controlfield tag="001">02326840</controlfield><controlfield tag="003">DE-Frei129</controlfield><controlfield tag="005">20220811084048.0</controlfield><controlfield tag="007">tu</controlfield><controlfield tag="008">100514s2010    ||||||||||||||||||||ger||</controlfield><datafield tag="015" ind1=" " ind2=" "><subfield code="a">10,A14</subfield></datafield><datafield tag="016" ind1="7" ind2=" "><subfield code="a">999850024</subfield><subfield code="2">DE-101</subfield></datafield><datafield tag="020" ind1=" " ind2=" "><subfield code="a">9783643900395</subfield><subfield code="9">9783643900395</subfield><subfield code="c">kart. : EUR 19.90, sfr 31.90 (freier Pr.)</subfield></datafield><datafield tag="024" ind1="3" ind2=" "><subfield code="a">9783643900395</subfield></datafield><datafield tag="035" ind1=" " ind2=" "><subfield code="a">(DE-576)1603018603</subfield></datafield><datafield tag="041" ind1=" " ind2=" "><subfield code="a">ger</subfield></datafield><datafield tag="044" ind1=" " ind2=" "><subfield code="c">XA-AT</subfield><subfield code="c">XA-DE</subfield><subfield code="c">XA-CH</subfield></datafield><datafield tag="100" ind1="1" ind2=" "><subfield code="a">Heyen, Heye</subfield><subfield code="0">(DE-Frei129)00455278</subfield><subfield code="0">(DE-588)121828131</subfield></datafield><datafield tag="245" ind1="1" ind2="0"><subfield code="a">Heute von &quot;Sünde&quot; sprechen, nicht sprechen?</subfield><subfield code="b">praktisch-theologische Untersuchungen im Kontext von Kirche, Sonderschule und Jugendgefängnis</subfield><subfield code="c">Heye Heyen; Erna Zonne</subfield></datafield><datafield tag="260" ind1="3" ind2=" "><subfield code="a">Wien ; Zürich ; Berlin ; Münster</subfield><subfield code="b">LIT Verlag</subfield><subfield code="c">2010</subfield></datafield><datafield tag="300" ind1=" " ind2=" "><subfield code="a">101 Seiten</subfield><subfield code="c">24 cm</subfield></datafield><datafield tag="490" ind1="1" ind2=" "><subfield code="a">Praktische Theologie interdisziplinär </subfield><subfield code="v">Bd. 2</subfield></datafield><datafield tag="500" ind1=" " ind2=" "><subfield code="a">Literaturangaben</subfield></datafield><datafield tag="650" ind1=" " ind2="7"><subfield code="a">Sünde</subfield><subfield code="0">(DE-Frei129)00007142</subfield><subfield code="0">(DE-588)4058487-2</subfield><subfield code="2">gnd</subfield></datafield><datafield tag="650" ind1=" " ind2="7"><subfield code="a">Schuld</subfield><subfield code="0">(DE-Frei129)00021598</subfield><subfield code="0">(DE-588)4053460-1</subfield><subfield code="2">gnd</subfield></datafield><datafield tag="650" ind1=" " ind2="7"><subfield code="a">Verzeihung</subfield><subfield code="0">(DE-Frei129)00039460</subfield><subfield code="0">(DE-588)4121874-7</subfield><subfield code="2">gnd</subfield></datafield><datafield tag="650" ind1=" " ind2="7"><subfield code="a">Praktische Theologie</subfield><subfield code="0">(DE-Frei129)00019481</subfield><subfield code="0">(DE-588)4047056-8</subfield><subfield code="2">gnd</subfield></datafield><datafield tag="650" ind1=" " ind2="7"><subfield code="a">Evangelische Kirche</subfield><subfield code="0">(DE-Frei129)00007495</subfield><subfield code="0">(DE-588)4015833-0</subfield><subfield code="2">gnd</subfield></datafield><datafield tag="650" ind1=" " ind2="7"><subfield code="a">Kinderseelsorge</subfield><subfield code="0">(DE-Frei129)00060678</subfield><subfield code="0">(DE-588)4163857-8</subfield><subfield code="2">gnd</subfield></datafield><datafield tag="650" ind1=" " ind2="7"><subfield code="a">Jugendseelsorge</subfield><subfield code="0">(DE-Frei129)00044878</subfield><subfield code="0">(DE-588)4129439-7</subfield><subfield code="2">gnd</subfield></datafield><datafield tag="650" ind1=" " ind2="7"><subfield code="a">Pastoralpsychologie</subfield><subfield code="0">(DE-Frei129)00018649</subfield><subfield code="0">(DE-588)4044864-2</subfield><subfield code="2">gnd</subfield></datafield><datafield tag="689" ind1="0" ind2="0"><subfield code="0">(DE-588)4058487-2</subfield><subfield code="D">s</subfield><subfield code="a">Sünde </subfield></datafield><datafield tag="689" ind1="0" ind2="1"><subfield code="0">(DE-588)4053460-1</subfield><subfield code="D">s</subfield><subfield code="a">Schuld </subfield></datafield><datafield tag="689" ind1="0" ind2="2"><subfield code="0">(DE-588)4121874-7</subfield><subfield code="D">s</subfield><subfield code="a">Verzeihung </subfield></datafield><datafield tag="689" ind1="0" ind2="3"><subfield code="0">(DE-588)4047056-8</subfield><subfield code="D">s</subfield><subfield code="a">Praktische Theologie </subfield></datafield><datafield tag="689" ind1="0" ind2="4"><subfield code="0">(DE-588)4015833-0</subfield><subfield code="D">s</subfield><subfield code="a">Evangelische Kirche</subfield><subfield code="5">DE-101</subfield></datafield><datafield tag="689" ind1="1" ind2="0"><subfield code="0">(DE-588)4058487-2</subfield><subfield code="D">s</subfield><subfield code="a">Sünde </subfield></datafield><datafield tag="689" ind1="1" ind2="1"><subfield code="0">(DE-588)4053460-1</subfield><subfield code="D">s</subfield><subfield code="a">Schuld </subfield></datafield><datafield tag="689" ind1="1" ind2="2"><subfield code="0">(DE-588)4121874-7</subfield><subfield code="D">s</subfield><subfield code="a">Verzeihung </subfield></datafield><datafield tag="689" ind1="1" ind2="3"><subfield code="0">(DE-588)4163857-8</subfield><subfield code="D">s</subfield><subfield code="a">Kinderseelsorge </subfield></datafield><datafield tag="689" ind1="1" ind2="4"><subfield code="0">(DE-588)4129439-7</subfield><subfield code="D">s</subfield><subfield code="a">Jugendseelsorge </subfield></datafield><datafield tag="689" ind1="1" ind2="5"><subfield code="0">(DE-588)4044864-2</subfield><subfield code="D">s</subfield><subfield code="a">Pastoralpsychologie</subfield><subfield code="5">DE-101</subfield></datafield><datafield tag="700" ind1="1" ind2=" "><subfield code="0">(DE-588)131820729</subfield><subfield code="0">(DE-Frei129)01169934</subfield><subfield code="a">Zonne, Erna</subfield><subfield code="4">aut</subfield></datafield><datafield tag="830" ind1=" " ind2="0"><subfield code="a">Praktische Theologie interdisziplinär</subfield><subfield code="v">Bd. 2</subfield><subfield code="w">(DE-Frei129)02263040</subfield><subfield code="9">12</subfield></datafield><datafield tag="852" ind1=" " ind2=" "><subfield code="a">Frei 129</subfield><subfield code="b">PHFR</subfield><subfield code="c">BK 2150 H615</subfield></datafield><datafield tag="856" ind1="4" ind2=" "><subfield code="8">00</subfield><subfield code="u">http://deposit.d-nb.de/cgi-bin/dokserv?id=3420054&amp;prov=M&amp;dok_var=1&amp;dok_ext=htm</subfield><subfield code="y">Inhaltstext</subfield></datafield><datafield tag="856" ind1="4" ind2=" "><subfield code="8">01</subfield><subfield code="u">http://d-nb.info/999850024/04</subfield><subfield code="y">Verlagsinformation</subfield></datafield><datafield tag="980" ind1="0" ind2=" "><subfield code="a">00211218</subfield><subfield code="9">(PHFR)</subfield><subfield code="b">UG (33)</subfield><subfield code="c">BK 2150 H615</subfield><subfield code="d">Standardleihe (01)</subfield><subfield code="e">Verfügbar (X)</subfield></datafield></record>