
<record><leader>03778nam a2200000uu 4500</leader><controlfield tag="001">02326759</controlfield><controlfield tag="003">DE-Frei129</controlfield><controlfield tag="005">20220811084048.0</controlfield><controlfield tag="007">tu</controlfield><controlfield tag="008">100511s2010    ||||||||||||||||||||eng||</controlfield><datafield tag="020" ind1=" " ind2=" "><subfield code="a">186197227X</subfield><subfield code="9">1-86197-227-X</subfield></datafield><datafield tag="020" ind1=" " ind2=" "><subfield code="a">9781861972279</subfield><subfield code="9">978-1-86197-227-9</subfield><subfield code="c">pbk. : £14.99</subfield></datafield><datafield tag="035" ind1=" " ind2=" "><subfield code="a">(DE-576)160295531X</subfield></datafield><datafield tag="041" ind1=" " ind2=" "><subfield code="a">eng</subfield></datafield><datafield tag="245" ind1="1" ind2="4"><subfield code="a">The future of multi-ethnic Britain</subfield><subfield code="b">report</subfield><subfield code="c">of the Commission on the Future of Multi-Ethnic Britain; chair: Bhikhu Parekh</subfield></datafield><datafield tag="246" ind1="1" ind2="0"><subfield code="a">The Parekh report</subfield></datafield><datafield tag="250" ind1=" " ind2=" "><subfield code="a">[Reprint]</subfield></datafield><datafield tag="260" ind1="3" ind2=" "><subfield code="a">London</subfield><subfield code="b">Profile</subfield><subfield code="c">2010</subfield></datafield><datafield tag="300" ind1=" " ind2=" "><subfield code="a">XXIV, 417  Seiten</subfield><subfield code="b">Ill.</subfield></datafield><datafield tag="500" ind1=" " ind2=" "><subfield code="a">Cover title: The Parekh report</subfield></datafield><datafield tag="650" ind1=" " ind2="7"><subfield code="a">Minorities</subfield><subfield code="0">(DE-Frei129)00237562</subfield><subfield code="2">local</subfield></datafield><datafield tag="650" ind1=" " ind2="7"><subfield code="a">Great Britain</subfield><subfield code="0">(DE-Frei129)00236015</subfield><subfield code="2">local</subfield></datafield><datafield tag="650" ind1=" " ind2="7"><subfield code="a">Race relations</subfield><subfield code="0">(DE-Frei129)00242197</subfield><subfield code="2">local</subfield></datafield><datafield tag="689" ind1="0" ind2="0"><subfield code="A">s</subfield><subfield code="a">Minorities </subfield></datafield><datafield tag="689" ind1="0" ind2="1"><subfield code="A">s</subfield><subfield code="a">Great Britain</subfield><subfield code="5">DE-101</subfield></datafield><datafield tag="689" ind1="1" ind2="0"><subfield code="A">s</subfield><subfield code="a">Great Britain </subfield></datafield><datafield tag="689" ind1="1" ind2="1"><subfield code="A">s</subfield><subfield code="a">Race relations</subfield><subfield code="5">DE-101</subfield></datafield><datafield tag="700" ind1="1" ind2=" "><subfield code="0">(DE-588)118181971</subfield><subfield code="0">(DE-Frei129)00376915</subfield><subfield code="a">Parekh, Bhikhu C.</subfield><subfield code="4">oth</subfield></datafield><datafield tag="710" ind1="2" ind2=" "><subfield code="0">(DE-Frei129)00164131</subfield><subfield code="0">(DE-588)6031800-4</subfield><subfield code="a">Runnymede Trust</subfield><subfield code="b">Commission on the Future of Multi-Ethnic Britain</subfield><subfield code="4">oth</subfield></datafield><datafield tag="852" ind1=" " ind2=" "><subfield code="a">Frei 129</subfield><subfield code="b">PHFR</subfield><subfield code="c">MS 1212 P227</subfield></datafield><datafield tag="980" ind1="0" ind2=" "><subfield code="a">00209511</subfield><subfield code="9">(PHFR)</subfield><subfield code="b">UG (33)</subfield><subfield code="c">MS 1212 P227</subfield><subfield code="d">Standardleihe (01)</subfield><subfield code="e">Verfügbar (X)</subfield></datafield></record>