
<record><leader>03204nam a2200000uu 4500</leader><controlfield tag="001">02326750</controlfield><controlfield tag="003">DE-Frei129</controlfield><controlfield tag="005">20220811084049.0</controlfield><controlfield tag="007">tu</controlfield><controlfield tag="008">100510s2010    |||||||||m||||||||||ger||</controlfield><datafield tag="020" ind1=" " ind2=" "><subfield code="a">9783832289812</subfield><subfield code="9">978-3-8322-8981-2</subfield><subfield code="c">PB. : EUR 24.80, EUR 24.80 (AT), sfr 49.60 (freier Pr.)</subfield></datafield><datafield tag="024" ind1="3" ind2=" "><subfield code="a">9783832289812</subfield></datafield><datafield tag="035" ind1=" " ind2=" "><subfield code="a">(DE-576)623780275</subfield></datafield><datafield tag="041" ind1=" " ind2=" "><subfield code="a">ger</subfield></datafield><datafield tag="044" ind1=" " ind2=" "><subfield code="c">XA-DE-NW</subfield></datafield><datafield tag="100" ind1="1" ind2=" "><subfield code="a">Hewig, Johannes</subfield><subfield code="0">(DE-Frei129)00807173</subfield></datafield><datafield tag="245" ind1="1" ind2="0"><subfield code="a">Verstärkungslernen</subfield><subfield code="b">biologische Grundlagen und interindividuelle Differenzen</subfield><subfield code="c">Johannes Hewig</subfield></datafield><datafield tag="260" ind1="3" ind2=" "><subfield code="a">Aachen</subfield><subfield code="b">Shaker</subfield><subfield code="c">2010</subfield></datafield><datafield tag="300" ind1=" " ind2=" "><subfield code="a">50  Seiten</subfield><subfield code="c">210 mm x 148 mm, 75 gr.</subfield></datafield><datafield tag="490" ind1="0" ind2=" "><subfield code="a">Berichte aus der Psychologie</subfield></datafield><datafield tag="500" ind1=" " ind2=" "><subfield code="a">5090: ddsu/sred</subfield></datafield><datafield tag="502" ind1=" " ind2=" "><subfield code="a">Zugl.: Jena, Univ., Habil.-Schr., 2010</subfield></datafield><datafield tag="650" ind1=" " ind2="7"><subfield code="a">Operante Konditionierung</subfield><subfield code="0">(DE-Frei129)00059955</subfield><subfield code="0">(DE-588)4172613-3</subfield><subfield code="2">gnd</subfield></datafield><datafield tag="650" ind1=" " ind2="7"><subfield code="a">Hirnfunktion</subfield><subfield code="0">(DE-Frei129)00059235</subfield><subfield code="0">(DE-588)4159930-5</subfield><subfield code="2">gnd</subfield></datafield><datafield tag="689" ind1="0" ind2="0"><subfield code="0">(DE-588)4172613-3</subfield><subfield code="D">s</subfield><subfield code="a">Operante Konditionierung </subfield></datafield><datafield tag="689" ind1="0" ind2="1"><subfield code="0">(DE-588)4159930-5</subfield><subfield code="D">s</subfield><subfield code="a">Hirnfunktion</subfield><subfield code="5">DE-101</subfield></datafield><datafield tag="852" ind1=" " ind2=" "><subfield code="a">Frei129</subfield><subfield code="c">Psy B 230: 47</subfield></datafield><datafield tag="980" ind1="0" ind2=" "><subfield code="a">00212316</subfield><subfield code="9">(PHFR)</subfield><subfield code="b">EG-Anbau (32)</subfield><subfield code="c">Psy B 230: 47</subfield><subfield code="d">Standardleihe (01)</subfield><subfield code="e">Verfügbar (X)</subfield></datafield></record>