
<record><leader>06078nam a2200000uu 4500</leader><controlfield tag="001">02326669</controlfield><controlfield tag="003">DE-Frei129</controlfield><controlfield tag="005">20220811084049.0</controlfield><controlfield tag="007">tu</controlfield><controlfield tag="008">130129s2010    ||||||||||||||||||||ger||</controlfield><datafield tag="015" ind1=" " ind2=" "><subfield code="a">09,N50,1509</subfield></datafield><datafield tag="016" ind1="7" ind2=" "><subfield code="a">998091391</subfield><subfield code="2">DE-101</subfield></datafield><datafield tag="020" ind1=" " ind2=" "><subfield code="a">9783775152051</subfield><subfield code="9">9783775152051</subfield><subfield code="c">kart. : EUR 19.95, EUR 20.60 (AT), sfr 36.30 (freier Pr.)</subfield></datafield><datafield tag="024" ind1="3" ind2=" "><subfield code="a">9783775152051</subfield></datafield><datafield tag="035" ind1=" " ind2=" "><subfield code="a">(DE-576)735014922</subfield></datafield><datafield tag="041" ind1=" " ind2=" "><subfield code="a">ger</subfield></datafield><datafield tag="044" ind1=" " ind2=" "><subfield code="c">XA-DE-BW</subfield></datafield><datafield tag="245" ind1="1" ind2="0"><subfield code="a">Mama, Papa oder Krippe?</subfield><subfield code="b">Erziehungsexperten über die Risiken der Fremdbetreuung</subfield><subfield code="c">Eva Herman und Maria Steuer (Hrsg.)</subfield></datafield><datafield tag="260" ind1="3" ind2=" "><subfield code="a">Holzgerlingen</subfield><subfield code="b">SCM Hänssler</subfield><subfield code="c">2010</subfield></datafield><datafield tag="300" ind1=" " ind2=" "><subfield code="a">205 Seiten</subfield><subfield code="b">graph. Darst.</subfield><subfield code="c">21 cm</subfield></datafield><datafield tag="500" ind1=" " ind2=" "><subfield code="a">Literaturangaben</subfield></datafield><datafield tag="500" ind1=" " ind2=" "><subfield code="a">IMD-Felder maschinell generiert (GBV)</subfield></datafield><datafield tag="500" ind1=" " ind2=" "><subfield code="a">Archivierung/Langzeitarchivierung gewährleistet</subfield></datafield><datafield tag="650" ind1=" " ind2="7"><subfield code="a">Kleinkind</subfield><subfield code="0">(DE-Frei129)00013490</subfield><subfield code="0">(DE-588)4031081-4</subfield><subfield code="2">gnd</subfield></datafield><datafield tag="650" ind1=" " ind2="7"><subfield code="a">Kinderbetreuung</subfield><subfield code="0">(DE-Frei129)00072335</subfield><subfield code="0">(DE-588)4278357-4</subfield><subfield code="2">gnd</subfield></datafield><datafield tag="650" ind1=" " ind2="7"><subfield code="a">Familienerziehung</subfield><subfield code="0">(DE-Frei129)00007808</subfield><subfield code="0">(DE-588)4016409-3</subfield><subfield code="2">gnd</subfield></datafield><datafield tag="650" ind1=" " ind2="7"><subfield code="a">Kinderkrippe</subfield><subfield code="0">(DE-Frei129)00013285</subfield><subfield code="0">(DE-588)4030603-3</subfield><subfield code="2">gnd</subfield></datafield><datafield tag="650" ind1=" " ind2="7"><subfield code="a">Affektive Bindung</subfield><subfield code="0">(DE-Frei129)00050308</subfield><subfield code="0">(DE-588)4141551-6</subfield><subfield code="2">gnd</subfield></datafield><datafield tag="689" ind1="0" ind2="0"><subfield code="0">(DE-588)4031081-4</subfield><subfield code="D">s</subfield><subfield code="a">Kleinkind </subfield></datafield><datafield tag="689" ind1="0" ind2="1"><subfield code="0">(DE-588)4278357-4</subfield><subfield code="D">s</subfield><subfield code="a">Kinderbetreuung </subfield></datafield><datafield tag="689" ind1="0" ind2="2"><subfield code="0">(DE-588)4016409-3</subfield><subfield code="D">s</subfield><subfield code="a">Familienerziehung </subfield></datafield><datafield tag="689" ind1="0" ind2="3"><subfield code="0">(DE-588)4030603-3</subfield><subfield code="D">s</subfield><subfield code="a">Kinderkrippe </subfield></datafield><datafield tag="689" ind1="0" ind2="4"><subfield code="0">(DE-588)4141551-6</subfield><subfield code="D">s</subfield><subfield code="a">Affektive Bindung</subfield><subfield code="5">DE-101</subfield></datafield><datafield tag="700" ind1="1" ind2=" "><subfield code="0">(DE-588)123348684</subfield><subfield code="0">(DE-Frei129)00136362</subfield><subfield code="a">Herman, Eva</subfield><subfield code="4">Hrsg.</subfield></datafield><datafield tag="700" ind1="1" ind2=" "><subfield code="0">(DE-Frei129)58833000</subfield><subfield code="a">Steuer, Maria</subfield><subfield code="4">oth</subfield></datafield><datafield tag="700" ind1="1" ind2=" "><subfield code="0">(DE-588)1161694137</subfield><subfield code="0">(DE-Frei129)01542510</subfield><subfield code="a">Behncke, Burghard</subfield><subfield code="4">oth</subfield></datafield><datafield tag="852" ind1=" " ind2=" "><subfield code="a">Frei129</subfield><subfield code="c">Paed G 180: 65</subfield></datafield><datafield tag="856" ind1="4" ind2=" "><subfield code="8">00</subfield><subfield code="u">http://d-nb.info/998091391/04</subfield><subfield code="y">Inhaltsverzeichnis</subfield></datafield><datafield tag="856" ind1="4" ind2=" "><subfield code="8">01</subfield><subfield code="u">http://deposit.d-nb.de/cgi-bin/dokserv?id=3375973&amp;prov=M&amp;dok_var=1&amp;dok_ext=htm</subfield><subfield code="y">Verlagsinformation</subfield></datafield><datafield tag="856" ind1="4" ind2=" "><subfield code="8">02</subfield><subfield code="u">http://deposit.d-nb.de/cgi-bin/dokserv?id=3375973&amp;prov=M&amp;dok_var=1&amp;dok_ext=htm</subfield><subfield code="y">Inhaltstext</subfield></datafield><datafield tag="856" ind1="4" ind2=" "><subfield code="8">03</subfield><subfield code="u">http://d-nb.info/998091391/04</subfield><subfield code="y">Verlagsinformation</subfield></datafield><datafield tag="980" ind1="0" ind2=" "><subfield code="a">00212147</subfield><subfield code="9">(PHFR)</subfield><subfield code="b">EG-Anbau (32)</subfield><subfield code="c">Paed G 180: 65</subfield><subfield code="d">Standardleihe (01)</subfield><subfield code="e">ausgeliehen (A) - Fälligkeitsdatum: 02.09.2022</subfield></datafield></record>