
<record><leader>03416nam a2200000uu 4500</leader><controlfield tag="001">02326357</controlfield><controlfield tag="003">DE-Frei129</controlfield><controlfield tag="005">20220811084049.0</controlfield><controlfield tag="007">tu</controlfield><controlfield tag="008">100616s2010    ||||||||||||||||||||ger||</controlfield><datafield tag="020" ind1=" " ind2=" "><subfield code="a">9783451055331</subfield><subfield code="9">9783451055331</subfield></datafield><datafield tag="035" ind1=" " ind2=" "><subfield code="a">(DE-576)628586612</subfield></datafield><datafield tag="041" ind1=" " ind2=" "><subfield code="a">ger</subfield></datafield><datafield tag="044" ind1=" " ind2=" "><subfield code="c">XA-DE-BW</subfield><subfield code="c">XA-CH</subfield><subfield code="c">XA-AT</subfield></datafield><datafield tag="100" ind1="1" ind2=" "><subfield code="a">Juul, Jesper</subfield><subfield code="0">(DE-Frei129)00121280</subfield><subfield code="0">(DE-588)115469427</subfield></datafield><datafield tag="245" ind1="1" ind2="0"><subfield code="a">Aus Erziehung wird Beziehung</subfield><subfield code="b">authentische Eltern - kompetente Kinder</subfield><subfield code="c">Jesper Juul. Hg. von Ingeborg Szöllösi</subfield></datafield><datafield tag="250" ind1=" " ind2=" "><subfield code="a">Orig.-Ausg., 8. Aufl.</subfield></datafield><datafield tag="260" ind1="3" ind2=" "><subfield code="a">Freiburg im Breisgau ; Basel ; Wien</subfield><subfield code="b">Herder</subfield><subfield code="c">2010</subfield></datafield><datafield tag="300" ind1=" " ind2=" "><subfield code="a">158 Seiten</subfield><subfield code="c">19 cm</subfield></datafield><datafield tag="490" ind1="0" ind2=" "><subfield code="a">Herder-Spektrum </subfield><subfield code="v">5533</subfield></datafield><datafield tag="500" ind1=" " ind2=" "><subfield code="a">IMD-Felder maschinell generiert (GBV)</subfield></datafield><datafield tag="500" ind1=" " ind2=" "><subfield code="a">Archivierung/Langzeitarchivierung gewährleistet</subfield></datafield><datafield tag="650" ind1=" " ind2="7"><subfield code="a">Familienerziehung</subfield><subfield code="0">(DE-Frei129)00007808</subfield><subfield code="0">(DE-588)4016409-3</subfield><subfield code="2">gnd</subfield></datafield><datafield tag="689" ind1="0" ind2="0"><subfield code="0">(DE-588)4016409-3</subfield><subfield code="D">s</subfield><subfield code="a">Familienerziehung</subfield><subfield code="5">DE-101</subfield></datafield><datafield tag="700" ind1="1" ind2=" "><subfield code="0">(DE-588)123302641</subfield><subfield code="0">(DE-Frei129)00367883</subfield><subfield code="a">Szöllösi, Ingeborg</subfield><subfield code="4">oth</subfield></datafield><datafield tag="852" ind1=" " ind2=" "><subfield code="a">Frei129</subfield><subfield code="c">Paed G 290: 154 a</subfield></datafield><datafield tag="856" ind1="4" ind2=" "><subfield code="8">00</subfield><subfield code="u">https://external.dandelon.com/download/attachments/dandelon/ids/AT00106263B78E2B2D0DCC1257791004D5D89.pdf</subfield><subfield code="y">Inhaltsverzeichnis</subfield></datafield><datafield tag="980" ind1="0" ind2=" "><subfield code="a">00205101</subfield><subfield code="9">(PHFR)</subfield><subfield code="b">EG-Anbau (32)</subfield><subfield code="c">Paed G 290: 154 a</subfield><subfield code="d">Standardleihe (01)</subfield><subfield code="e">Verfügbar (X)</subfield></datafield></record>