
<record><leader>02858nam a2200000uu 4500</leader><controlfield tag="001">02326336</controlfield><controlfield tag="003">DE-Frei129</controlfield><controlfield tag="005">20220811084049.0</controlfield><controlfield tag="007">tu</controlfield><controlfield tag="008">100422s2010    ||||||||||||||||||||ger||</controlfield><datafield tag="020" ind1=" " ind2=" "><subfield code="a">9783150017104</subfield><subfield code="9">9783150017104</subfield><subfield code="c">kart. : EUR 8.60</subfield></datafield><datafield tag="024" ind1="3" ind2=" "><subfield code="a">9783150017104</subfield></datafield><datafield tag="035" ind1=" " ind2=" "><subfield code="a">(DE-576)160269558X</subfield></datafield><datafield tag="041" ind1=" " ind2=" "><subfield code="a">ger</subfield></datafield><datafield tag="044" ind1=" " ind2=" "><subfield code="c">XA-DE-BW</subfield></datafield><datafield tag="100" ind1="1" ind2=" "><subfield code="a">Schiller, Friedrich</subfield><subfield code="0">(DE-Frei129)00048385</subfield><subfield code="0">(DE-588)118607626</subfield></datafield><datafield tag="245" ind1="1" ind2="0"><subfield code="a">Gedichte</subfield><subfield code="c">Friedrich Schiller. Hrsg. von Norbert Oellers</subfield></datafield><datafield tag="250" ind1=" " ind2=" "><subfield code="a">[Bibliogr. erg. Ausg. 2010]</subfield></datafield><datafield tag="260" ind1="3" ind2=" "><subfield code="a">Stuttgart</subfield><subfield code="b">Reclam</subfield><subfield code="c">2010</subfield></datafield><datafield tag="300" ind1=" " ind2=" "><subfield code="a">421 Seiten</subfield><subfield code="b">Ill.</subfield><subfield code="c">15 cm</subfield></datafield><datafield tag="490" ind1="0" ind2=" "><subfield code="a">ReclamsUniversal-Bibliothek </subfield><subfield code="v">Nr. 1710</subfield></datafield><datafield tag="500" ind1=" " ind2=" "><subfield code="a">Literaturverz. S. 396 - 400</subfield></datafield><datafield tag="500" ind1=" " ind2=" "><subfield code="a"># Hier auch Nachdrucke bis 2017! #</subfield></datafield><datafield tag="500" ind1=" " ind2=" "><subfield code="a">Archivierung/Langzeitarchivierung gewährleistet</subfield></datafield><datafield tag="700" ind1="1" ind2=" "><subfield code="0">(DE-588)119438615</subfield><subfield code="0">(DE-Frei129)00040616</subfield><subfield code="a">Oellers, Norbert</subfield><subfield code="4">Hrsg.</subfield></datafield><datafield tag="852" ind1=" " ind2=" "><subfield code="a">Frei 129</subfield><subfield code="b">PHFR</subfield><subfield code="c">GK 8331 G296</subfield></datafield><datafield tag="980" ind1="0" ind2=" "><subfield code="a">00219770</subfield><subfield code="9">(PHFR)</subfield><subfield code="b">2.OG (35)</subfield><subfield code="c">GK 8331 G296</subfield><subfield code="d">Standardleihe (01)</subfield><subfield code="e">Verfügbar (X)</subfield></datafield></record>