
<record><leader>05225nam a2200000uu 4500</leader><controlfield tag="001">02326135</controlfield><controlfield tag="003">DE-Frei129</controlfield><controlfield tag="005">20220811084049.0</controlfield><controlfield tag="007">tu</controlfield><controlfield tag="008">100224s2010    |||||||||m||||||||||ger||</controlfield><datafield tag="015" ind1=" " ind2=" "><subfield code="a">10,A14</subfield></datafield><datafield tag="016" ind1="7" ind2=" "><subfield code="a">1000252892</subfield><subfield code="2">DE-101</subfield></datafield><datafield tag="020" ind1=" " ind2=" "><subfield code="a">9783869910284</subfield><subfield code="9">9783869910284</subfield><subfield code="c">kart. : EUR 15.50</subfield></datafield><datafield tag="024" ind1="3" ind2=" "><subfield code="a">9783869910284</subfield></datafield><datafield tag="035" ind1=" " ind2=" "><subfield code="a">(DE-576)619693231</subfield></datafield><datafield tag="041" ind1=" " ind2=" "><subfield code="a">ger</subfield></datafield><datafield tag="044" ind1=" " ind2=" "><subfield code="c">XA-DE-NW</subfield></datafield><datafield tag="100" ind1="1" ind2=" "><subfield code="a">Kotthaus, Jochem</subfield><subfield code="0">(DE-Frei129)00143036</subfield><subfield code="0">(DE-588)1033776629</subfield></datafield><datafield tag="245" ind1="1" ind2="0"><subfield code="a">Kindeswohl und Kindeswille in der Jugendhilfe</subfield><subfield code="b">zur Beteiligung von Kindern an Entscheidungen in den erzieherischen Hilfen am Beispiel von Fremdunterbringungen entsprechend § 33 SGB VIII</subfield><subfield code="c">Jochem Kotthaus</subfield></datafield><datafield tag="260" ind1="3" ind2=" "><subfield code="a">Münster</subfield><subfield code="b">Verl.-Haus Monsenstein und Vannerdat</subfield><subfield code="c">2010</subfield></datafield><datafield tag="300" ind1=" " ind2=" "><subfield code="a">223 Seiten</subfield><subfield code="c">21 cm</subfield></datafield><datafield tag="490" ind1="0" ind2=" "><subfield code="a">MV-Wissenschaft</subfield></datafield><datafield tag="500" ind1=" " ind2=" "><subfield code="a">Wuppertal</subfield></datafield><datafield tag="500" ind1=" " ind2=" "><subfield code="a">IMD-Felder maschinell generiert (GBV)</subfield></datafield><datafield tag="502" ind1=" " ind2=" "><subfield code="a">Zugl.: Wuppertal, Univ., Diss., 2007</subfield></datafield><datafield tag="650" ind1=" " ind2="7"><subfield code="a">Familienpflege</subfield><subfield code="x">Fremdunterbringung</subfield><subfield code="0">(DE-Frei129)00050692</subfield><subfield code="0">(DE-588)4208120-8</subfield><subfield code="2">gnd</subfield></datafield><datafield tag="650" ind1=" " ind2="7"><subfield code="a">Kindeswohl</subfield><subfield code="0">(DE-Frei129)00013342</subfield><subfield code="0">(DE-588)4030653-7</subfield><subfield code="2">gnd</subfield></datafield><datafield tag="650" ind1=" " ind2="7"><subfield code="a">Jugendhilferecht</subfield><subfield code="0">(DE-Frei129)00012714</subfield><subfield code="0">(DE-588)4114113-1</subfield><subfield code="2">gnd</subfield></datafield><datafield tag="651" ind1=" " ind2="7"><subfield code="a">Deutschland</subfield><subfield code="0">(DE-Frei129)00005806</subfield><subfield code="0">(DE-588)4011882-4</subfield><subfield code="2">gnd</subfield></datafield><datafield tag="651" ind1=" " ind2="7"><subfield code="a">Fremdunterbringung</subfield><subfield code="0">(DE-Frei129)00758452</subfield><subfield code="2">local</subfield></datafield><datafield tag="689" ind1="0" ind2="0"><subfield code="0">(DE-588)4011882-4</subfield><subfield code="D">g</subfield><subfield code="a">Deutschland </subfield></datafield><datafield tag="689" ind1="0" ind2="1"><subfield code="0">(DE-588)4208120-8</subfield><subfield code="D">s</subfield><subfield code="a">Familienpflege / Fremdunterbringung </subfield></datafield><datafield tag="689" ind1="0" ind2="2"><subfield code="A">s</subfield><subfield code="a">Fremdunterbringung </subfield></datafield><datafield tag="689" ind1="0" ind2="3"><subfield code="0">(DE-588)4030653-7</subfield><subfield code="D">s</subfield><subfield code="a">Kindeswohl </subfield></datafield><datafield tag="689" ind1="0" ind2="4"><subfield code="0">(DE-588)4114113-1</subfield><subfield code="D">s</subfield><subfield code="a">Jugendhilferecht</subfield><subfield code="5">DE-101</subfield></datafield><datafield tag="852" ind1=" " ind2=" "><subfield code="a">Frei 129</subfield><subfield code="b">PHFR</subfield><subfield code="c">DS 7100 K87</subfield></datafield><datafield tag="856" ind1="4" ind2=" "><subfield code="8">00</subfield><subfield code="u">http://d-nb.info/1000252892/04</subfield><subfield code="y">Kurzbeschreibung des Verlags</subfield></datafield><datafield tag="856" ind1="4" ind2=" "><subfield code="8">01</subfield><subfield code="u">http://d-nb.info/1000252892/04</subfield><subfield code="y">Verlagsinformation</subfield></datafield><datafield tag="980" ind1="0" ind2=" "><subfield code="a">00211005</subfield><subfield code="9">(PHFR)</subfield><subfield code="b">EG-Anbau (32)</subfield><subfield code="c">DS 7100 K87</subfield><subfield code="d">Standardleihe (01)</subfield><subfield code="e">Verfügbar (X)</subfield></datafield></record>