
<record><leader>03026nam a2200000uu 4500</leader><controlfield tag="001">02326129</controlfield><controlfield tag="003">DE-Frei129</controlfield><controlfield tag="005">20220811084049.0</controlfield><controlfield tag="007">tu</controlfield><controlfield tag="008">100415s2010    ||||||||||||||||||||ger||</controlfield><datafield tag="015" ind1=" " ind2=" "><subfield code="a">10,A14</subfield></datafield><datafield tag="016" ind1="7" ind2=" "><subfield code="a">99424214X</subfield><subfield code="2">DE-101</subfield></datafield><datafield tag="020" ind1=" " ind2=" "><subfield code="a">9783548372952</subfield><subfield code="9">9783548372952</subfield><subfield code="c">kart. : EUR 9.95 (DE)</subfield></datafield><datafield tag="024" ind1="3" ind2=" "><subfield code="a">9783548372952</subfield></datafield><datafield tag="035" ind1=" " ind2=" "><subfield code="a">(DE-576)1602560544</subfield></datafield><datafield tag="041" ind1=" " ind2=" "><subfield code="a">ger</subfield><subfield code="h">eng</subfield></datafield><datafield tag="044" ind1=" " ind2=" "><subfield code="c">XA-DE-BE</subfield></datafield><datafield tag="245" ind1="1" ind2="0"><subfield code="a">Alice im Hungerland</subfield><subfield code="b">Leben mit Bulimie und Magersucht; eine Autobiographie</subfield><subfield code="c">Marya Hornbacher. Aus dem Amerikan. von Nicole Hölsken</subfield></datafield><datafield tag="250" ind1=" " ind2=" "><subfield code="a">Neuausg., 1. Aufl.</subfield></datafield><datafield tag="260" ind1="3" ind2=" "><subfield code="a">Berlin</subfield><subfield code="b">Ullstein</subfield><subfield code="c">2010</subfield></datafield><datafield tag="300" ind1=" " ind2=" "><subfield code="a">491 Seiten</subfield><subfield code="c">18 cm</subfield></datafield><datafield tag="490" ind1="0" ind2=" "><subfield code="a">Ullstein </subfield><subfield code="v">37295</subfield></datafield><datafield tag="700" ind1="1" ind2=" "><subfield code="0">(DE-588)120658283</subfield><subfield code="0">(DE-Frei129)00125530</subfield><subfield code="a">Hornbacher, Marya</subfield><subfield code="4">aut</subfield></datafield><datafield tag="852" ind1=" " ind2=" "><subfield code="a">Frei129</subfield><subfield code="c">Psy K 330: 93</subfield></datafield><datafield tag="856" ind1="4" ind2=" "><subfield code="8">00</subfield><subfield code="u">http://deposit.d-nb.de/cgi-bin/dokserv?id=3303461&amp;prov=M&amp;dok_var=1&amp;dok_ext=htm</subfield><subfield code="y">Inhaltstext</subfield></datafield><datafield tag="856" ind1="4" ind2=" "><subfield code="8">01</subfield><subfield code="u">http://d-nb.info/99424214X/04</subfield><subfield code="y">Inhaltsverzeichnis</subfield></datafield><datafield tag="980" ind1="0" ind2=" "><subfield code="a">00286580</subfield><subfield code="9">(PHFR)</subfield><subfield code="b">Handbibliothek (50)</subfield><subfield code="c">Psy K 330: 93</subfield><subfield code="d">Handbibliothek - nie verleihbar (54)</subfield><subfield code="e">Verfügbar (X)</subfield></datafield></record>