
<record><leader>02850nam a2200000uu 4500</leader><controlfield tag="001">02326055</controlfield><controlfield tag="003">DE-Frei129</controlfield><controlfield tag="005">20220811084049.0</controlfield><controlfield tag="007">tu</controlfield><controlfield tag="008">100413s2010    ||||||||||||||||||||ger||</controlfield><datafield tag="020" ind1=" " ind2=" "><subfield code="a">9783473306824</subfield><subfield code="9">9783473306824</subfield></datafield><datafield tag="024" ind1="3" ind2=" "><subfield code="a">9783473306824</subfield></datafield><datafield tag="035" ind1=" " ind2=" "><subfield code="a">(DE-576)1602522332</subfield></datafield><datafield tag="041" ind1=" " ind2=" "><subfield code="a">ger</subfield></datafield><datafield tag="245" ind1="1" ind2="0"><subfield code="a">Bei uns im Dorf</subfield><subfield code="c">Ali Mitgutsch</subfield></datafield><datafield tag="250" ind1=" " ind2=" "><subfield code="a">[Nachdr.]</subfield></datafield><datafield tag="260" ind1="3" ind2=" "><subfield code="a">Ravensburg</subfield><subfield code="a">Würenlos</subfield><subfield code="b">Ravensburger Buchverl. Maier</subfield><subfield code="b">Carlit + Ravensburger</subfield><subfield code="c">[2010]</subfield></datafield><datafield tag="300" ind1=" " ind2=" "><subfield code="a">[16] Seiten</subfield><subfield code="b">nur Ill.</subfield></datafield><datafield tag="490" ind1="0" ind2=" "><subfield code="a">Wimmelbilderbuch</subfield></datafield><datafield tag="490" ind1="0" ind2=" "><subfield code="a">Dorf / Ali Mitgutsch</subfield></datafield><datafield tag="500" ind1=" " ind2=" "><subfield code="a">Archivierung/Langzeitarchivierung gewährleistet</subfield></datafield><datafield tag="650" ind1=" " ind2="7"><subfield code="a">Landleben</subfield><subfield code="0">(DE-Frei129)00014840</subfield><subfield code="0">(DE-588)4034309-1</subfield><subfield code="2">gnd</subfield></datafield><datafield tag="689" ind1="0" ind2="0"><subfield code="0">(DE-588)4034309-1</subfield><subfield code="D">s</subfield><subfield code="a">Landleben</subfield><subfield code="5">DE-101</subfield></datafield><datafield tag="700" ind1="1" ind2=" "><subfield code="0">(DE-588)118146734</subfield><subfield code="0">(DE-Frei129)00076571</subfield><subfield code="a">Mitgutsch, Ali</subfield><subfield code="4">oth</subfield></datafield><datafield tag="852" ind1=" " ind2=" "><subfield code="a">Frei 129</subfield><subfield code="b">PHFR</subfield><subfield code="c">ED 5540 M683 B4</subfield></datafield><datafield tag="980" ind1="0" ind2=" "><subfield code="a">00286590</subfield><subfield code="9">(PHFR)</subfield><subfield code="b">Handbibliothek (50)</subfield><subfield code="c">JuLi D Mit 1: 4</subfield><subfield code="d">Handbibliothek - nie verleihbar (54)</subfield><subfield code="e">Verfügbar (X)</subfield></datafield></record>