
<record><leader>06996nam a2200000uu 4500</leader><controlfield tag="001">02326038</controlfield><controlfield tag="003">DE-Frei129</controlfield><controlfield tag="005">20220811084049.0</controlfield><controlfield tag="007">tu</controlfield><controlfield tag="008">100206s2010    ||||||||||||||||||||ger||</controlfield><datafield tag="015" ind1=" " ind2=" "><subfield code="a">10,N04</subfield></datafield><datafield tag="016" ind1="7" ind2=" "><subfield code="a">999405055</subfield><subfield code="2">DE-101</subfield></datafield><datafield tag="020" ind1=" " ind2=" "><subfield code="a">9783851326048</subfield><subfield code="9">9783851326048</subfield><subfield code="c">ENGLBR. : ca. EUR 26.00</subfield></datafield><datafield tag="024" ind1="3" ind2=" "><subfield code="a">9783851326048</subfield></datafield><datafield tag="035" ind1=" " ind2=" "><subfield code="a">(DE-576)617980012</subfield></datafield><datafield tag="041" ind1=" " ind2=" "><subfield code="a">ger</subfield></datafield><datafield tag="044" ind1=" " ind2=" "><subfield code="c">XA-AT</subfield><subfield code="c">XA-DE</subfield></datafield><datafield tag="245" ind1="1" ind2="0"><subfield code="a">Uni brennt</subfield><subfield code="b">Grundsätzliches - Kritisches - Atmosphärisches</subfield><subfield code="c">hg. von Stefan Heissenberger; Viola Mark; Susanne Schramm; Peter Sniesko; Rahel Süß</subfield></datafield><datafield tag="260" ind1="3" ind2=" "><subfield code="a">Wien ; Berlin</subfield><subfield code="b">Turia &amp; Kant</subfield><subfield code="c">2010</subfield></datafield><datafield tag="300" ind1=" " ind2=" "><subfield code="a">316 Seiten</subfield><subfield code="b">Ill., graph. Dast.</subfield><subfield code="c">240 mm x 160 mm, 552 gr.</subfield></datafield><datafield tag="500" ind1=" " ind2=" "><subfield code="a">IMD-Felder maschinell generiert (GBV)</subfield></datafield><datafield tag="648" ind1=" " ind2="7"><subfield code="a">Austria</subfield><subfield code="0">(DE-Frei129)14260540</subfield><subfield code="2">local</subfield></datafield><datafield tag="648" ind1=" " ind2="7"><subfield code="a">Germany</subfield><subfield code="0">(DE-Frei129)14259060</subfield><subfield code="2">local</subfield></datafield><datafield tag="650" ind1=" " ind2="7"><subfield code="a">Bologna-Prozess</subfield><subfield code="0">(DE-Frei129)00112320</subfield><subfield code="0">(DE-588)4833805-9</subfield><subfield code="2">gnd</subfield></datafield><datafield tag="650" ind1=" " ind2="7"><subfield code="a">Studentenbewegung</subfield><subfield code="0">(DE-Frei129)00023471</subfield><subfield code="0">(DE-588)4058171-8</subfield><subfield code="2">gnd</subfield></datafield><datafield tag="650" ind1=" " ind2="7"><subfield code="a">Student movements</subfield><subfield code="0">(DE-Frei129)00356544</subfield><subfield code="2">local</subfield></datafield><datafield tag="650" ind1=" " ind2="7"><subfield code="a">College students</subfield><subfield code="x">Political activity</subfield><subfield code="0">(DE-Frei129)14260009</subfield><subfield code="2">local</subfield></datafield><datafield tag="651" ind1=" " ind2="7"><subfield code="a">Österreich</subfield><subfield code="0">(DE-Frei129)00018061</subfield><subfield code="0">(DE-588)4043271-3</subfield><subfield code="2">gnd</subfield></datafield><datafield tag="651" ind1=" " ind2="7"><subfield code="a">Deutschland</subfield><subfield code="0">(DE-Frei129)00005806</subfield><subfield code="0">(DE-588)4011882-4</subfield><subfield code="2">gnd</subfield></datafield><datafield tag="689" ind1="0" ind2="0"><subfield code="0">(DE-588)4043271-3</subfield><subfield code="D">g</subfield><subfield code="a">Österreich </subfield></datafield><datafield tag="689" ind1="0" ind2="1"><subfield code="0">(DE-588)4011882-4</subfield><subfield code="D">g</subfield><subfield code="a">Deutschland </subfield></datafield><datafield tag="689" ind1="0" ind2="2"><subfield code="0">(DE-588)4833805-9</subfield><subfield code="D">s</subfield><subfield code="a">Bologna-Prozess </subfield></datafield><datafield tag="689" ind1="0" ind2="3"><subfield code="0">(DE-588)4058171-8</subfield><subfield code="D">s</subfield><subfield code="a">Studentenbewegung</subfield><subfield code="5">DE-101</subfield></datafield><datafield tag="689" ind1="1" ind2="0"><subfield code="A">s</subfield><subfield code="a">Student movements </subfield></datafield><datafield tag="689" ind1="1" ind2="1"><subfield code="A">s</subfield><subfield code="a">Austria</subfield><subfield code="5">DE-101</subfield></datafield><datafield tag="689" ind1="2" ind2="0"><subfield code="A">s</subfield><subfield code="a">Student movements </subfield></datafield><datafield tag="689" ind1="2" ind2="1"><subfield code="A">s</subfield><subfield code="a">Germany</subfield><subfield code="5">DE-101</subfield></datafield><datafield tag="689" ind1="3" ind2="0"><subfield code="A">s</subfield><subfield code="a">College students / Political activity </subfield></datafield><datafield tag="689" ind1="3" ind2="1"><subfield code="A">s</subfield><subfield code="a">Austria</subfield><subfield code="5">DE-101</subfield></datafield><datafield tag="689" ind1="4" ind2="0"><subfield code="A">s</subfield><subfield code="a">College students / Political activity </subfield></datafield><datafield tag="689" ind1="4" ind2="1"><subfield code="A">s</subfield><subfield code="a">Germany</subfield><subfield code="5">DE-101</subfield></datafield><datafield tag="700" ind1="1" ind2=" "><subfield code="0">(DE-Frei129)00808443</subfield><subfield code="a">Heißenberger, Stefan</subfield><subfield code="4">Hrsg.</subfield></datafield><datafield tag="700" ind1="1" ind2=" "><subfield code="0">(DE-Frei129)58599076</subfield><subfield code="a">Mark, Viola</subfield><subfield code="4">Hrsg.</subfield></datafield><datafield tag="700" ind1="1" ind2=" "><subfield code="0">(DE-Frei129)58599077</subfield><subfield code="a">Schramm, Susanne</subfield><subfield code="4">Hrsg.</subfield></datafield><datafield tag="700" ind1="1" ind2=" "><subfield code="0">(DE-Frei129)58599078</subfield><subfield code="a">Sniesko, Peter</subfield><subfield code="4">Hrsg.</subfield></datafield><datafield tag="700" ind1="1" ind2=" "><subfield code="0">(DE-Frei129)58599079</subfield><subfield code="a">Süß, Rahel</subfield><subfield code="4">Hrsg.</subfield></datafield><datafield tag="852" ind1=" " ind2=" "><subfield code="a">Frei129</subfield><subfield code="c">Paed R 100: 128</subfield></datafield><datafield tag="856" ind1="4" ind2=" "><subfield code="8">00</subfield><subfield code="u">http://d-nb.info/999405055/04</subfield><subfield code="y">Inhaltsverzeichnis</subfield></datafield><datafield tag="980" ind1="0" ind2=" "><subfield code="a">00209217</subfield><subfield code="9">(PHFR)</subfield><subfield code="b">EG-Anbau (32)</subfield><subfield code="c">Paed R 100: 128</subfield><subfield code="d">Standardleihe (01)</subfield><subfield code="e">Verfügbar (X)</subfield></datafield></record>