
<record><leader>04672nam a2200000uu 4500</leader><controlfield tag="001">02326016</controlfield><controlfield tag="003">DE-Frei129</controlfield><controlfield tag="005">20220811084049.0</controlfield><controlfield tag="007">tu</controlfield><controlfield tag="008">100301s2010    ||||||||||||||||||||ger||</controlfield><datafield tag="015" ind1=" " ind2=" "><subfield code="a">10,N09</subfield></datafield><datafield tag="016" ind1="7" ind2=" "><subfield code="a">1000474445</subfield><subfield code="2">DE-101</subfield></datafield><datafield tag="020" ind1=" " ind2=" "><subfield code="a">9783832288600</subfield><subfield code="9">9783832288600</subfield><subfield code="c">PB. : EUR 45.80, EUR 45.80 (AT), sfr 91.60 (freier Pr.)</subfield></datafield><datafield tag="024" ind1="3" ind2=" "><subfield code="a">9783832288600</subfield></datafield><datafield tag="035" ind1=" " ind2=" "><subfield code="a">(DE-576)62000018X</subfield></datafield><datafield tag="041" ind1=" " ind2=" "><subfield code="a">ger</subfield></datafield><datafield tag="044" ind1=" " ind2=" "><subfield code="c">XA-DE</subfield><subfield code="c">XA-DE-NW</subfield></datafield><datafield tag="245" ind1="1" ind2="0"><subfield code="a">Räume im Dazwischen: Lernen mit Kunst und Kultur</subfield><subfield code="c">Johann Bischoff ... (Hrsg.)</subfield></datafield><datafield tag="260" ind1="3" ind2=" "><subfield code="a">Aachen</subfield><subfield code="b">Shaker-Verl.</subfield><subfield code="c">2010</subfield></datafield><datafield tag="300" ind1=" " ind2=" "><subfield code="a">475 Seiten</subfield><subfield code="b">Ill., Tab., graph. Darst.</subfield><subfield code="c">210 mm x 148 mm, 719 gr.</subfield></datafield><datafield tag="490" ind1="1" ind2=" "><subfield code="a">Merseburger medienpädagogische Schriften </subfield><subfield code="v">6</subfield></datafield><datafield tag="500" ind1=" " ind2=" "><subfield code="a">Enth. Literaturangaben</subfield></datafield><datafield tag="500" ind1=" " ind2=" "><subfield code="a">IMD-Felder maschinell generiert (GBV)</subfield></datafield><datafield tag="650" ind1=" " ind2="7"><subfield code="a">Kulturpädagogik</subfield><subfield code="0">(DE-Frei129)00061697</subfield><subfield code="0">(DE-588)4165984-3</subfield><subfield code="2">gnd</subfield></datafield><datafield tag="650" ind1=" " ind2="7"><subfield code="a">Hochschulbildung</subfield><subfield code="0">(DE-Frei129)00023499</subfield><subfield code="0">(DE-588)4160198-1</subfield><subfield code="2">gnd</subfield></datafield><datafield tag="651" ind1=" " ind2="7"><subfield code="a">Deutschland</subfield><subfield code="0">(DE-Frei129)00005806</subfield><subfield code="0">(DE-588)4011882-4</subfield><subfield code="2">gnd</subfield></datafield><datafield tag="689" ind1="0" ind2="0"><subfield code="0">(DE-588)4011882-4</subfield><subfield code="D">g</subfield><subfield code="a">Deutschland </subfield></datafield><datafield tag="689" ind1="0" ind2="1"><subfield code="0">(DE-588)4165984-3</subfield><subfield code="D">s</subfield><subfield code="a">Kulturpädagogik </subfield></datafield><datafield tag="689" ind1="0" ind2="2"><subfield code="0">(DE-588)4160198-1</subfield><subfield code="D">s</subfield><subfield code="a">Hochschulbildung</subfield><subfield code="5">DE-101</subfield></datafield><datafield tag="700" ind1="1" ind2=" "><subfield code="0">(DE-588)133599949</subfield><subfield code="0">(DE-Frei129)00166715</subfield><subfield code="a">Bischoff, Johann</subfield><subfield code="4">Hrsg.</subfield></datafield><datafield tag="700" ind1="1" ind2=" "><subfield code="0">(DE-588)12377649X</subfield><subfield code="0">(DE-Frei129)58060499</subfield><subfield code="a">Brandi, Bettina</subfield><subfield code="4">Hrsg.</subfield></datafield><datafield tag="830" ind1=" " ind2="0"><subfield code="a">Merseburger medienpädagogische Schriften</subfield><subfield code="v">6</subfield><subfield code="w">(DE-Frei129)00261346</subfield><subfield code="9">16</subfield></datafield><datafield tag="852" ind1=" " ind2=" "><subfield code="a">Frei 129</subfield><subfield code="b">PHFR</subfield><subfield code="c">LH 61200 B621</subfield></datafield><datafield tag="856" ind1="4" ind2=" "><subfield code="8">00</subfield><subfield code="u">http://d-nb.info/1000474445/04</subfield><subfield code="y">Inhaltsverzeichnis</subfield></datafield><datafield tag="980" ind1="0" ind2=" "><subfield code="a">00210788</subfield><subfield code="9">(PHFR)</subfield><subfield code="b">2.OG (35)</subfield><subfield code="c">LH 61200 B621</subfield><subfield code="d">Standardleihe (01)</subfield><subfield code="e">Verfügbar (X)</subfield></datafield></record>