
<record><leader>04279nam a2200000uu 4500</leader><controlfield tag="001">02325830</controlfield><controlfield tag="003">DE-Frei129</controlfield><controlfield tag="005">20220811084049.0</controlfield><controlfield tag="007">tu</controlfield><controlfield tag="008">100203s2010    ||||||||||||||||||||ger||</controlfield><datafield tag="016" ind1="7" ind2=" "><subfield code="a">999190903</subfield><subfield code="2">DE-101</subfield></datafield><datafield tag="020" ind1=" " ind2=" "><subfield code="a">9783898995481</subfield><subfield code="9">9783898995481</subfield><subfield code="c">kart. : EUR 16.95, sfr 29.50 (freier Pr.)</subfield></datafield><datafield tag="024" ind1="3" ind2=" "><subfield code="a">9783898995481</subfield></datafield><datafield tag="035" ind1=" " ind2=" "><subfield code="a">(DE-576)617902461</subfield></datafield><datafield tag="041" ind1=" " ind2=" "><subfield code="a">ger</subfield></datafield><datafield tag="044" ind1=" " ind2=" "><subfield code="c">XA-DE-NW</subfield><subfield code="c">XE-AU</subfield><subfield code="c">XE-NZ</subfield></datafield><datafield tag="100" ind1="1" ind2=" "><subfield code="a">Jasper, Bettina M.</subfield><subfield code="0">(DE-Frei129)00106893</subfield><subfield code="0">(DE-588)115694528</subfield></datafield><datafield tag="245" ind1="1" ind2="0"><subfield code="a">Brainwalking</subfield><subfield code="b">machen Sie Ihrem Gehirn Beine : [mental fit beim Gehen]</subfield><subfield code="c">Bettina M. Jasper. [DTB, Deutscher Turner-Bund]</subfield></datafield><datafield tag="250" ind1=" " ind2=" "><subfield code="a">1. Aufl.</subfield></datafield><datafield tag="260" ind1="3" ind2=" "><subfield code="a">Aachen [u.a.]</subfield><subfield code="b">Meyer &amp; Meyer</subfield><subfield code="c">2010</subfield></datafield><datafield tag="300" ind1=" " ind2=" "><subfield code="a">157 Seiten</subfield><subfield code="b">zahlr. Ill., graph. Darst</subfield><subfield code="c">24 cm, 453 gr.</subfield></datafield><datafield tag="490" ind1="0" ind2=" "><subfield code="a">Wo Sport Spaß macht</subfield></datafield><datafield tag="500" ind1=" " ind2=" "><subfield code="a">IMD-Felder maschinell generiert (GBV)</subfield></datafield><datafield tag="650" ind1=" " ind2="7"><subfield code="a">Denktraining</subfield><subfield code="0">(DE-Frei129)00049417</subfield><subfield code="0">(DE-588)4135838-7</subfield><subfield code="2">gnd</subfield></datafield><datafield tag="650" ind1=" " ind2="7"><subfield code="a">Walking</subfield><subfield code="0">(DE-Frei129)00073249</subfield><subfield code="0">(DE-588)4198573-4</subfield><subfield code="2">gnd</subfield></datafield><datafield tag="650" ind1=" " ind2="7"><subfield code="a">Gehen</subfield><subfield code="0">(DE-Frei129)00052597</subfield><subfield code="0">(DE-588)4140871-8</subfield><subfield code="2">gnd</subfield></datafield><datafield tag="689" ind1="0" ind2="0"><subfield code="0">(DE-588)4135838-7</subfield><subfield code="D">s</subfield><subfield code="a">Denktraining</subfield><subfield code="5">DE-101</subfield></datafield><datafield tag="689" ind1="1" ind2="0"><subfield code="0">(DE-588)4198573-4</subfield><subfield code="D">s</subfield><subfield code="a">Walking </subfield></datafield><datafield tag="689" ind1="1" ind2="1"><subfield code="0">(DE-588)4140871-8</subfield><subfield code="D">s</subfield><subfield code="a">Gehen</subfield><subfield code="5">DE-101</subfield></datafield><datafield tag="852" ind1=" " ind2=" "><subfield code="a">Frei129</subfield><subfield code="c">Psy G 300: 219</subfield></datafield><datafield tag="856" ind1="4" ind2=" "><subfield code="8">00</subfield><subfield code="u">http://d-nb.info/999190903/04</subfield><subfield code="y">Kurzbeschreibung des Verlags</subfield></datafield><datafield tag="856" ind1="4" ind2=" "><subfield code="8">01</subfield><subfield code="u">http://d-nb.info/999190903/04</subfield><subfield code="y">Verlagsinformation</subfield></datafield><datafield tag="980" ind1="0" ind2=" "><subfield code="a">00222144</subfield><subfield code="9">(PHFR)</subfield><subfield code="b">EG-Anbau (32)</subfield><subfield code="c">Psy G 300: 219</subfield><subfield code="d">Standardleihe (01)</subfield><subfield code="e">Verfügbar (X)</subfield></datafield></record>