
<record><leader>04540nam a2200000uu 4500</leader><controlfield tag="001">02325710</controlfield><controlfield tag="003">DE-Frei129</controlfield><controlfield tag="005">20220811084049.0</controlfield><controlfield tag="007">tu</controlfield><controlfield tag="008">100209s2010    ||||||||||||||||||||ger||</controlfield><datafield tag="015" ind1=" " ind2=" "><subfield code="a">10,N05</subfield></datafield><datafield tag="016" ind1="7" ind2=" "><subfield code="a">999730770</subfield><subfield code="2">DE-101</subfield></datafield><datafield tag="020" ind1=" " ind2=" "><subfield code="a">9783868510119</subfield><subfield code="9">9783868510119</subfield><subfield code="c">Pp. : EUR 19.90, sfr 33.60 (freier Pr.)</subfield></datafield><datafield tag="024" ind1="3" ind2=" "><subfield code="a">9783868510119</subfield></datafield><datafield tag="035" ind1=" " ind2=" "><subfield code="a">(DE-576)61820444X</subfield></datafield><datafield tag="041" ind1=" " ind2=" "><subfield code="a">ger</subfield></datafield><datafield tag="044" ind1=" " ind2=" "><subfield code="c">XA-DE-BE</subfield></datafield><datafield tag="245" ind1="1" ind2="0"><subfield code="a">Sehr gut kochen</subfield><subfield code="b">die besten Rezepte aus der test-Küche</subfield><subfield code="c">Stiftung Warentest. Vera Kaftan; Dorothee Lennert. [Fotogr. Titel und Rezepte Gianni Plescia]</subfield></datafield><datafield tag="260" ind1="3" ind2=" "><subfield code="a">Berlin</subfield><subfield code="b">Stiftung Warentest</subfield><subfield code="c">2010</subfield></datafield><datafield tag="300" ind1=" " ind2=" "><subfield code="a">228 Seiten</subfield><subfield code="b">zahlr. Ill</subfield><subfield code="c">23 cm</subfield></datafield><datafield tag="490" ind1="0" ind2=" "><subfield code="a">Test</subfield></datafield><datafield tag="500" ind1=" " ind2=" "><subfield code="a">IMD-Felder maschinell generiert (GBV)</subfield></datafield><datafield tag="520" ind1=" " ind2=" "><subfield code="a">Vera Kaftan und Dorothee Lennert veröffentlichen seit Jahren Rezepte im &quot;test&quot;-Magazin der Stiftung Warentest, die sie jetzt als Kochbuch mit über 150 Rezeptideen zusammengestellt haben. Den Autorinnen geht es um einfach nachzukochende, preiswerte Gerichte, die ohne grossen Aufwand und teure Luxuszutaten auskommen, trotzdem aber pfiffig, gesund und variationsgeeignet sind. Nach einer kurzen Einführung mit Hinweisen für die Vorratshaltung und die richtige Küchenausrüstung folgen die Rezepte für Suppen, Salate, Fisch- und Fleischgerichte, Gemüse, Pasta, Reis und Kartoffeln, Sossen und Dips sowie für einige Desserts und Backwaren. Klare Zutatenlisten, Zubereitungsanleitungen, Tipps für Variationen. Mit Nährwertangaben, die Rezepte sind meist für 4 Portionen bemessen und mit appetitlichen Fotos illustriert. Ein anfängertaugliches Kochbuch, das zeigt, dass abwechslungsreich kochen nicht kompliziert sein muss: Fisch an Grapefruitlinsen, Balsamicofilet mit Maronenpüree, Couscous mit Cranberries oder Limettentarte passen für preisbewusste und anspruchsvolle Verbraucher. (2)</subfield></datafield><datafield tag="700" ind1="1" ind2=" "><subfield code="0">(DE-Frei129)58784108</subfield><subfield code="a">Kaftan, Vera</subfield><subfield code="4">oth</subfield></datafield><datafield tag="700" ind1="1" ind2=" "><subfield code="0">(DE-Frei129)58784109</subfield><subfield code="a">Plescia, Gianni</subfield><subfield code="4">oth</subfield></datafield><datafield tag="700" ind1="1" ind2=" "><subfield code="0">(DE-Frei129)00808420</subfield><subfield code="a">Kaftan-Namyslowski, Vera</subfield><subfield code="4">oth</subfield></datafield><datafield tag="700" ind1="1" ind2=" "><subfield code="0">(DE-Frei129)58784110</subfield><subfield code="a">Lennert, Dorothee</subfield><subfield code="4">oth</subfield></datafield><datafield tag="710" ind1="2" ind2=" "><subfield code="0">(DE-Frei129)58142948</subfield><subfield code="0">(DE-588)43323-8</subfield><subfield code="a">Stiftung Warentest</subfield><subfield code="4">oth</subfield></datafield><datafield tag="852" ind1=" " ind2=" "><subfield code="a">Frei 129</subfield><subfield code="b">PHFR</subfield><subfield code="c">ZE 77000 K11</subfield></datafield><datafield tag="980" ind1="0" ind2=" "><subfield code="a">00214626</subfield><subfield code="9">(PHFR)</subfield><subfield code="b">3.OG (37)</subfield><subfield code="c">ZE 77000 K11</subfield><subfield code="d">Standardleihe (01)</subfield><subfield code="e">Verfügbar (X)</subfield></datafield></record>