
<record><leader>02097nam a2200000uuc4500</leader><controlfield tag="001">02325673</controlfield><controlfield tag="003">DE-Frei129</controlfield><controlfield tag="005">20220811084049.0</controlfield><controlfield tag="007">tu</controlfield><controlfield tag="008">100330s2010    ||||||||||||||||||||ger||</controlfield><datafield tag="035" ind1=" " ind2=" "><subfield code="a">(DE-576)139138198X</subfield></datafield><datafield tag="041" ind1=" " ind2=" "><subfield code="a">ger</subfield><subfield code="h">eng</subfield></datafield><datafield tag="044" ind1=" " ind2=" "><subfield code="c">XA-DE-BW</subfield></datafield><datafield tag="245" ind1="1" ind2="0"><subfield code="a">Frederick</subfield><subfield code="n">Buch</subfield><subfield code="c">Leo Lionni. Dt. von Günter Bruno Fuchs. Mit einem Hörspiel mit Songs und Musik von Fredrik Vahle</subfield></datafield><datafield tag="260" ind1="3" ind2=" "><subfield code="a">Weinheim ; Basel</subfield><subfield code="b">Beltz &amp; Gelberg</subfield><subfield code="c">2010</subfield></datafield><datafield tag="300" ind1=" " ind2=" "><subfield code="a">[28] Seiten</subfield><subfield code="b">überw. Ill.</subfield></datafield><datafield tag="500" ind1=" " ind2=" "><subfield code="a">Hier auch später erschienene, unveränderte Nachdrucke</subfield></datafield><datafield tag="500" ind1=" " ind2=" "><subfield code="a">Archivierung/Langzeitarchivierung gewährleistet</subfield></datafield><datafield tag="773" ind1="0" ind2="8"><subfield code="w">(DE-Frei129)02325672</subfield><subfield code="q">BUCH</subfield></datafield><datafield tag="852" ind1=" " ind2=" "><subfield code="a">Frei 129</subfield><subfield code="b">PHFR</subfield><subfield code="c">ED 5540 L763 F9</subfield></datafield><datafield tag="980" ind1="0" ind2=" "><subfield code="a">00286674</subfield><subfield code="9">(PHFR)</subfield><subfield code="b">Handbibliothek (50)</subfield><subfield code="c">JuLi D Lio 1: 2</subfield><subfield code="d">Handbibliothek - nie verleihbar (54)</subfield><subfield code="e">Verfügbar (X)</subfield></datafield></record>