
<record><leader>06984nam a2200000uu 4500</leader><controlfield tag="001">02325670</controlfield><controlfield tag="003">DE-Frei129</controlfield><controlfield tag="005">20220811084049.0</controlfield><controlfield tag="007">tu</controlfield><controlfield tag="008">091126s2010    ||||||||||||||||||||ger||</controlfield><datafield tag="015" ind1=" " ind2=" "><subfield code="a">09,N49,1371</subfield></datafield><datafield tag="016" ind1="7" ind2=" "><subfield code="a">99838206X</subfield><subfield code="2">DE-101</subfield></datafield><datafield tag="020" ind1=" " ind2=" "><subfield code="a">9783522301671</subfield><subfield code="9">9783522301671</subfield><subfield code="c">Pp. : EUR 11.90 (DE), EUR 12.30 (AT), sfr 22.50 (freier Pr.)</subfield></datafield><datafield tag="024" ind1="3" ind2=" "><subfield code="a">9783522301671</subfield></datafield><datafield tag="035" ind1=" " ind2=" "><subfield code="a">(DE-576)613754832</subfield></datafield><datafield tag="041" ind1=" " ind2=" "><subfield code="a">ger</subfield></datafield><datafield tag="044" ind1=" " ind2=" "><subfield code="c">XA-DE-BW</subfield><subfield code="c">XA-AT</subfield><subfield code="c">XA-AT-9</subfield></datafield><datafield tag="100" ind1="1" ind2=" "><subfield code="a">Obrecht, Bettina</subfield><subfield code="0">(DE-Frei129)00097846</subfield><subfield code="0">(DE-588)119525461</subfield></datafield><datafield tag="245" ind1="1" ind2="0"><subfield code="a">Willkommen zurück, Opa!</subfield><subfield code="c">Bettina Obrecht. Mit Ill. von Barbara Scholz</subfield></datafield><datafield tag="260" ind1="3" ind2=" "><subfield code="a">Stuttgart ; Wien</subfield><subfield code="b">Gabriel</subfield><subfield code="c">2010</subfield></datafield><datafield tag="300" ind1=" " ind2=" "><subfield code="a">158 Seiten</subfield><subfield code="b">Ill.</subfield><subfield code="c">21 cm</subfield></datafield><datafield tag="500" ind1=" " ind2=" "><subfield code="a">IMD-Felder maschinell generiert (GBV)</subfield></datafield><datafield tag="500" ind1=" " ind2=" "><subfield code="a">Archivierung/Langzeitarchivierung gewährleistet</subfield></datafield><datafield tag="520" ind1=" " ind2=" "><subfield code="a">Opa Paul ist wieder da - endlich! Lisa hat ihn so vermisst. Wer sonst beschützt sie mutig vor Insekten, findet in seiner Werkstatt für alles eine Lösung und ist für jeden Spaß zu haben? Nur leider ist alles gar nicht mehr so wie früher. Ihr Opa ist auf Hilfe angewiesen und oft hat er eine Stinklaune deswegen. Na, das können ja tolle Sommerferien werden! Doch dann hat Lisa eine geniale Idee, um die Ferien zu retten und ein ganz klein wenig auch Opa Paul. Ob ihr Plan wohl aufgeht?</subfield></datafield><datafield tag="520" ind1=" " ind2=" "><subfield code="a">Lisas heiss geliebter &quot;Bienen-Opa&quot; kommt nach Schlaganfall und Aufenthalt in der Reha-Klinik total verändert zurück. Er ist griesgrämig und abweisend, macht sich und der Familie das Leben schwer. Die 11-jährige Lisa erzählt von ihrer Wut über die ausgefallene Urlaubsreise, ihrem Erstaunen, ihren Fragen und ihrer Angst vor dem sich ändernden Helden ihrer Kindheit. So will der Opa den Familienhund einschläfern lassen, um ihn vom &quot;Altsein zu erlösen&quot;. Aber auch Lisa verändert sich - sie lernt Änderungen zu akzeptieren und aktiv zu werden: Sie repariert ihr Rad selbst, gründet mit ihrer Freundin eine Band, bringt sich Gitarre- und Schlagzeugspielen bei. In dem vielleicht etwas schön gefärbten Ende überwindet sie ihre Insektenphobie und tritt mit den &quot;Julisas&quot; vor der gesamten(!) Familie auf. Der Autorin - für diese Altersgruppe zuletzt &quot;Eltern zu verschenken&quot;  - gelingt es, die Veränderung in der Familie aus Kindersicht nicht nur glaubhaft und lebendig, sondern auch spannend darzustellen. Dabei spart sie Probleme wie Aggression, Depression, Überforderung, Entfremdung und Tod nicht aus. Empfehlung. Ab 9</subfield></datafield><datafield tag="650" ind1=" " ind2="7"><subfield code="a">Großvater</subfield><subfield code="0">(DE-Frei129)00058736</subfield><subfield code="0">(DE-588)4158313-9</subfield><subfield code="2">gnd</subfield></datafield><datafield tag="650" ind1=" " ind2="7"><subfield code="a">Schlaganfall</subfield><subfield code="0">(DE-Frei129)00021393</subfield><subfield code="0">(DE-588)4052588-0</subfield><subfield code="2">gnd</subfield></datafield><datafield tag="650" ind1=" " ind2="7"><subfield code="a">Mädchen</subfield><subfield code="0">(DE-Frei129)00015765</subfield><subfield code="0">(DE-588)4036871-3</subfield><subfield code="2">gnd</subfield></datafield><datafield tag="650" ind1=" " ind2="7"><subfield code="a">Bewältigung</subfield><subfield code="0">(DE-Frei129)00024705</subfield><subfield code="0">(DE-588)4195461-0</subfield><subfield code="2">gnd</subfield></datafield><datafield tag="689" ind1="0" ind2="0"><subfield code="0">(DE-588)4158313-9</subfield><subfield code="D">s</subfield><subfield code="a">Großvater </subfield></datafield><datafield tag="689" ind1="0" ind2="1"><subfield code="0">(DE-588)4052588-0</subfield><subfield code="D">s</subfield><subfield code="a">Schlaganfall </subfield></datafield><datafield tag="689" ind1="0" ind2="2"><subfield code="0">(DE-588)4036871-3</subfield><subfield code="D">s</subfield><subfield code="a">Mädchen </subfield></datafield><datafield tag="689" ind1="0" ind2="3"><subfield code="0">(DE-588)4195461-0</subfield><subfield code="D">s</subfield><subfield code="a">Bewältigung</subfield><subfield code="5">DE-101</subfield></datafield><datafield tag="700" ind1="1" ind2=" "><subfield code="0">(DE-588)124003583</subfield><subfield code="0">(DE-Frei129)00566315</subfield><subfield code="a">Scholz, Barbara</subfield><subfield code="4">oth</subfield></datafield><datafield tag="852" ind1=" " ind2=" "><subfield code="a">Frei 129</subfield><subfield code="b">PHFR</subfield><subfield code="c">GE 6919 O13</subfield></datafield><datafield tag="856" ind1="4" ind2=" "><subfield code="8">00</subfield><subfield code="u">http://deposit.d-nb.de/cgi-bin/dokserv?id=3379056&amp;prov=M&amp;dok_var=1&amp;dok_ext=htm</subfield><subfield code="y">Inhaltstext</subfield></datafield><datafield tag="856" ind1="4" ind2=" "><subfield code="8">01</subfield><subfield code="u">http://ecx.images-amazon.com/images/I/41pE5j6tWHL._SL500_AA300_.jpg</subfield><subfield code="y">Cover</subfield></datafield><datafield tag="856" ind1="4" ind2=" "><subfield code="8">02</subfield><subfield code="u">http://deposit.d-nb.de/cgi-bin/dokserv?id=3379056&amp;prov=M&amp;dok_var=1&amp;dok_ext=htm</subfield><subfield code="y">Verlagsinformation</subfield></datafield><datafield tag="980" ind1="0" ind2=" "><subfield code="a">00216931</subfield><subfield code="9">(PHFR)</subfield><subfield code="b">2.OG (35)</subfield><subfield code="c">GE 6919 O13</subfield><subfield code="d">Standardleihe (01)</subfield><subfield code="e">Verfügbar (X)</subfield></datafield></record>