
<record><leader>03880nam a2200000uu 4500</leader><controlfield tag="001">02325508</controlfield><controlfield tag="003">DE-Frei129</controlfield><controlfield tag="005">20220811084049.0</controlfield><controlfield tag="007">tu</controlfield><controlfield tag="008">100325s2010    ||||||||||||||||||||ger||</controlfield><datafield tag="015" ind1=" " ind2=" "><subfield code="a">09,N37,0845</subfield></datafield><datafield tag="016" ind1="7" ind2=" "><subfield code="a">996245359</subfield><subfield code="2">DE-101</subfield></datafield><datafield tag="020" ind1=" " ind2=" "><subfield code="a">9783448101270</subfield><subfield code="9">9783448101270</subfield><subfield code="c">KUNST. : EUR 12.90, EUR 13.30 (AT), sfr 22.90 (freier Pr.)</subfield></datafield><datafield tag="024" ind1="3" ind2=" "><subfield code="a">9783448101270</subfield></datafield><datafield tag="035" ind1=" " ind2=" "><subfield code="a">(DE-576)1602250707</subfield></datafield><datafield tag="041" ind1=" " ind2=" "><subfield code="a">ger</subfield></datafield><datafield tag="044" ind1=" " ind2=" "><subfield code="c">XA-DE-BW</subfield></datafield><datafield tag="100" ind1="1" ind2=" "><subfield code="a">Nöllke, Claudia</subfield><subfield code="0">(DE-Frei129)00225393</subfield><subfield code="0">(DE-588)128459913</subfield></datafield><datafield tag="245" ind1="1" ind2="0"><subfield code="a">Gut leben mit wenig Geld</subfield><subfield code="b">keine Fragen offen</subfield><subfield code="c">Claudia Nöllke</subfield></datafield><datafield tag="250" ind1=" " ind2=" "><subfield code="a">1. Auflage</subfield></datafield><datafield tag="260" ind1="3" ind2=" "><subfield code="a">Freiburg ; Berlin ; München</subfield><subfield code="b">Haufe,</subfield><subfield code="c">2010</subfield></datafield><datafield tag="300" ind1=" " ind2=" "><subfield code="a">191 Seiten</subfield></datafield><datafield tag="490" ind1="0" ind2=" "><subfield code="a">Das Erste</subfield></datafield><datafield tag="500" ind1=" " ind2=" "><subfield code="a">Archivierung/Langzeitarchivierung gewährleistet</subfield></datafield><datafield tag="650" ind1=" " ind2="7"><subfield code="a">Haushalt</subfield><subfield code="0">(DE-Frei129)00010676</subfield><subfield code="0">(DE-588)4023744-8</subfield><subfield code="2">gnd</subfield></datafield><datafield tag="650" ind1=" " ind2="7"><subfield code="a">Ersparnis</subfield><subfield code="0">(DE-Frei129)00022651</subfield><subfield code="0">(DE-588)4196820-7</subfield><subfield code="2">gnd</subfield></datafield><datafield tag="689" ind1="0" ind2="0"><subfield code="0">(DE-588)4023744-8</subfield><subfield code="D">s</subfield><subfield code="a">Haushalt </subfield></datafield><datafield tag="689" ind1="0" ind2="1"><subfield code="0">(DE-588)4196820-7</subfield><subfield code="D">s</subfield><subfield code="a">Ersparnis</subfield><subfield code="5">DE-101</subfield></datafield><datafield tag="776" ind1="0" ind2="8"><subfield code="a">Claudia Nöllke</subfield><subfield code="i">Erscheint auch als Online-Ausgabe</subfield><subfield code="t">Gut leben mit wenig Geld</subfield><subfield code="w">(DE-Frei129)03625115</subfield><subfield code="w">(DE-576)658792628</subfield></datafield><datafield tag="852" ind1=" " ind2=" "><subfield code="a">Frei 129</subfield><subfield code="b">PHFR</subfield><subfield code="c">QW 300 N769</subfield></datafield><datafield tag="856" ind1="4" ind2=" "><subfield code="8">00</subfield><subfield code="u">http://d-nb.info/996245359/04</subfield><subfield code="y">Inhaltsverzeichnis</subfield></datafield><datafield tag="980" ind1="0" ind2=" "><subfield code="a">00212417</subfield><subfield code="9">(PHFR)</subfield><subfield code="b">UG (33)</subfield><subfield code="c">QW 300 N769</subfield><subfield code="d">Standardleihe (01)</subfield><subfield code="e">Verfügbar (X)</subfield></datafield></record>