
<record><leader>03788nam a2200000uu 4500</leader><controlfield tag="001">02325495</controlfield><controlfield tag="003">DE-Frei129</controlfield><controlfield tag="005">20220811084049.0</controlfield><controlfield tag="007">tu</controlfield><controlfield tag="008">091014s2010    ||||||||||||||||||||ger||</controlfield><datafield tag="015" ind1=" " ind2=" "><subfield code="a">09,N43,1072</subfield></datafield><datafield tag="016" ind1="7" ind2=" "><subfield code="a">997251026</subfield><subfield code="2">DE-101</subfield></datafield><datafield tag="020" ind1=" " ind2=" "><subfield code="a">9783868090253</subfield><subfield code="9">9783868090253</subfield><subfield code="c">PB. : ca. EUR 16.80</subfield></datafield><datafield tag="024" ind1="3" ind2=" "><subfield code="a">9783868090253</subfield></datafield><datafield tag="035" ind1=" " ind2=" "><subfield code="a">(DE-576)610473492</subfield></datafield><datafield tag="041" ind1=" " ind2=" "><subfield code="a">ger</subfield></datafield><datafield tag="044" ind1=" " ind2=" "><subfield code="c">XA-DE-BW</subfield></datafield><datafield tag="100" ind1="1" ind2=" "><subfield code="a">Bender, Christiane</subfield><subfield code="0">(DE-Frei129)00078248</subfield><subfield code="0">(DE-588)128823631</subfield><subfield code="4">aut</subfield></datafield><datafield tag="245" ind1="1" ind2="0"><subfield code="a">Podium und Pampers</subfield><subfield code="c">Christiane Bender</subfield></datafield><datafield tag="250" ind1=" " ind2=" "><subfield code="a">1. Aufl.</subfield></datafield><datafield tag="260" ind1="3" ind2=" "><subfield code="a">Heidelberg</subfield><subfield code="b">Mattes</subfield><subfield code="c">2010</subfield></datafield><datafield tag="300" ind1=" " ind2=" "><subfield code="a">256 Seiten</subfield><subfield code="c">190 mm x 125 mm</subfield></datafield><datafield tag="500" ind1=" " ind2=" "><subfield code="a">IMD-Felder maschinell generiert (GBV)</subfield></datafield><datafield tag="500" ind1=" " ind2=" "><subfield code="a">Archivierung/Langzeitarchivierung gewährleistet</subfield></datafield><datafield tag="520" ind1=" " ind2=" "><subfield code="a">Berufsmensch wollte ich schon immer werden, Familienmensch zunächst nicht</subfield></datafield><datafield tag="650" ind1=" " ind2="7"><subfield code="a">Alleinerziehende Mutter</subfield><subfield code="0">(DE-Frei129)00001055</subfield><subfield code="0">(DE-588)4001238-4</subfield><subfield code="2">gnd</subfield></datafield><datafield tag="651" ind1=" " ind2="7"><subfield code="a">Hamburg</subfield><subfield code="0">(DE-Frei129)00010472</subfield><subfield code="0">(DE-588)4023118-5</subfield><subfield code="2">gnd</subfield></datafield><datafield tag="689" ind1="0" ind2="0"><subfield code="0">(DE-588)4023118-5</subfield><subfield code="D">g</subfield><subfield code="a">Hamburg </subfield></datafield><datafield tag="689" ind1="0" ind2="1"><subfield code="0">(DE-588)4001238-4</subfield><subfield code="D">s</subfield><subfield code="a">Alleinerziehende Mutter</subfield><subfield code="5">DE-101</subfield></datafield><datafield tag="852" ind1=" " ind2=" "><subfield code="a">Frei 129</subfield><subfield code="b">PHFR</subfield><subfield code="c">MS 3080 B458</subfield></datafield><datafield tag="856" ind1="4" ind2=" "><subfield code="8">00</subfield><subfield code="u">http://www.mattes.de/buecher/heidelbergensia/978-3-86809-025-3.html</subfield><subfield code="y">Verlagsinformation</subfield></datafield><datafield tag="980" ind1="0" ind2=" "><subfield code="a">00215541</subfield><subfield code="9">(PHFR)</subfield><subfield code="b">UG (33)</subfield><subfield code="c">Soz E 230: 18</subfield><subfield code="d">Standardleihe (01)</subfield><subfield code="e">Verfügbar (X)</subfield></datafield></record>