
<record><leader>04870nam a2200000uu 4500</leader><controlfield tag="001">02325491</controlfield><controlfield tag="003">DE-Frei129</controlfield><controlfield tag="005">20220811084049.0</controlfield><controlfield tag="007">tu</controlfield><controlfield tag="008">100107s2010    ||||||||||||||||||||ger||</controlfield><datafield tag="016" ind1="7" ind2=" "><subfield code="a">998870765</subfield><subfield code="2">DE-101</subfield></datafield><datafield tag="020" ind1=" " ind2=" "><subfield code="a">9783772523939</subfield><subfield code="9">9783772523939</subfield><subfield code="c">Pp. : EUR 18.90 (freier Pr.)</subfield></datafield><datafield tag="024" ind1="3" ind2=" "><subfield code="a">9783772523939</subfield></datafield><datafield tag="035" ind1=" " ind2=" "><subfield code="a">(DE-576)615957331</subfield></datafield><datafield tag="041" ind1=" " ind2=" "><subfield code="a">ger</subfield></datafield><datafield tag="044" ind1=" " ind2=" "><subfield code="c">XA-DE-BW</subfield></datafield><datafield tag="100" ind1="1" ind2=" "><subfield code="a">Jentschura, Eva</subfield><subfield code="0">(DE-Frei129)58832524</subfield><subfield code="0">(DE-588)111966884</subfield></datafield><datafield tag="245" ind1="1" ind2="0"><subfield code="a">Mit Pflanzen färben - ganz natürlich</subfield><subfield code="c">Eva Jentschura</subfield></datafield><datafield tag="250" ind1=" " ind2=" "><subfield code="a">1. Aufl.</subfield></datafield><datafield tag="260" ind1="3" ind2=" "><subfield code="a">Stuttgart</subfield><subfield code="b">Verlag Freies Geistesleben</subfield><subfield code="c">2010</subfield></datafield><datafield tag="300" ind1=" " ind2=" "><subfield code="a">96 Seiten</subfield><subfield code="b">zahlr. Ill.</subfield><subfield code="c">24 cm</subfield></datafield><datafield tag="500" ind1=" " ind2=" "><subfield code="a">IMD-Felder maschinell generiert (GBV)</subfield></datafield><datafield tag="500" ind1=" " ind2=" "><subfield code="a">Archivierung/Langzeitarchivierung gewährleistet</subfield></datafield><datafield tag="650" ind1=" " ind2="7"><subfield code="a">Wolle</subfield><subfield code="0">(DE-Frei129)00026671</subfield><subfield code="0">(DE-588)4066895-2</subfield><subfield code="2">gnd</subfield></datafield><datafield tag="650" ind1=" " ind2="7"><subfield code="a">Färben</subfield><subfield code="0">(DE-Frei129)00007743</subfield><subfield code="0">(DE-588)4016254-0</subfield><subfield code="2">gnd</subfield></datafield><datafield tag="650" ind1=" " ind2="7"><subfield code="a">Pflanzenfarbstoff</subfield><subfield code="0">(DE-Frei129)00018842</subfield><subfield code="0">(DE-588)4045559-2</subfield><subfield code="2">gnd</subfield></datafield><datafield tag="650" ind1=" " ind2="7"><subfield code="a">Seide</subfield><subfield code="0">(DE-Frei129)00021927</subfield><subfield code="0">(DE-588)4054289-0</subfield><subfield code="2">gnd</subfield></datafield><datafield tag="689" ind1="0" ind2="0"><subfield code="0">(DE-588)4066895-2</subfield><subfield code="D">s</subfield><subfield code="a">Wolle </subfield></datafield><datafield tag="689" ind1="0" ind2="1"><subfield code="0">(DE-588)4016254-0</subfield><subfield code="D">s</subfield><subfield code="a">Färben </subfield></datafield><datafield tag="689" ind1="0" ind2="2"><subfield code="0">(DE-588)4045559-2</subfield><subfield code="D">s</subfield><subfield code="a">Pflanzenfarbstoff</subfield><subfield code="5">DE-101</subfield></datafield><datafield tag="689" ind1="1" ind2="0"><subfield code="0">(DE-588)4054289-0</subfield><subfield code="D">s</subfield><subfield code="a">Seide </subfield></datafield><datafield tag="689" ind1="1" ind2="1"><subfield code="0">(DE-588)4016254-0</subfield><subfield code="D">s</subfield><subfield code="a">Färben </subfield></datafield><datafield tag="689" ind1="1" ind2="2"><subfield code="0">(DE-588)4045559-2</subfield><subfield code="D">s</subfield><subfield code="a">Pflanzenfarbstoff</subfield><subfield code="5">DE-101</subfield></datafield><datafield tag="852" ind1=" " ind2=" "><subfield code="a">Frei 129</subfield><subfield code="b">PHFR</subfield><subfield code="c">ZS 6300 J54</subfield></datafield><datafield tag="856" ind1="4" ind2=" "><subfield code="8">00</subfield><subfield code="u">http://d-nb.info/998870765/04</subfield><subfield code="y">Kurzbeschreibung des Verlags</subfield></datafield><datafield tag="856" ind1="4" ind2=" "><subfield code="8">01</subfield><subfield code="u">http://d-nb.info/998870765/04</subfield><subfield code="y">Verlagsinformation</subfield></datafield><datafield tag="980" ind1="0" ind2=" "><subfield code="a">00212895</subfield><subfield code="9">(PHFR)</subfield><subfield code="b">3.OG (37)</subfield><subfield code="c">ZS 6300 J54</subfield><subfield code="d">Standardleihe (01)</subfield><subfield code="e">Verfügbar (X)</subfield></datafield></record>