
<record><leader>06318nam a2200000uu 4500</leader><controlfield tag="001">02325426</controlfield><controlfield tag="003">DE-Frei129</controlfield><controlfield tag="005">20220811084050.0</controlfield><controlfield tag="007">tu</controlfield><controlfield tag="008">100107s2010    ||||||||||||||||||||ger||</controlfield><datafield tag="015" ind1=" " ind2=" "><subfield code="a">10,N01</subfield></datafield><datafield tag="016" ind1="7" ind2=" "><subfield code="a">998917354</subfield><subfield code="2">DE-101</subfield></datafield><datafield tag="020" ind1=" " ind2=" "><subfield code="a">9783550087851</subfield><subfield code="9">9783550087851</subfield><subfield code="c">GB. : EUR 18.00, EUR 18.50 (AT), sfr 32.90 (freier Pr.)</subfield></datafield><datafield tag="024" ind1="3" ind2=" "><subfield code="a">9783550087851</subfield></datafield><datafield tag="035" ind1=" " ind2=" "><subfield code="a">(DE-576)615972969</subfield></datafield><datafield tag="041" ind1=" " ind2=" "><subfield code="a">ger</subfield></datafield><datafield tag="044" ind1=" " ind2=" "><subfield code="c">XA-DE-BE</subfield></datafield><datafield tag="100" ind1="1" ind2=" "><subfield code="a">Unverzagt, Gerlinde</subfield><subfield code="0">(DE-Frei129)00100334</subfield><subfield code="0">(DE-588)124062288</subfield></datafield><datafield tag="245" ind1="1" ind2="0"><subfield code="a">Eltern an die Macht!</subfield><subfield code="b">warum wir es besser wissen als Lehrer, Erzieher und Psychologen</subfield><subfield code="c">Gerlinde Unverzagt</subfield></datafield><datafield tag="260" ind1="3" ind2=" "><subfield code="a">Berlin</subfield><subfield code="b">Ullstein</subfield><subfield code="c">2010</subfield></datafield><datafield tag="300" ind1=" " ind2=" "><subfield code="a">236 Seiten</subfield></datafield><datafield tag="500" ind1=" " ind2=" "><subfield code="a">Literaturverz. S. 235 - [237]</subfield></datafield><datafield tag="500" ind1=" " ind2=" "><subfield code="a">IMD-Felder maschinell generiert (GBV)</subfield></datafield><datafield tag="520" ind1=" " ind2=" "><subfield code="a">Es reicht! Eltern dürfen sich nicht länger verunsichern lassen. Sie müssen wieder lernen, der eigenen Intuition zu vertrauen. Ein längst fälliger Aufruf zu mehr Selbstbewusstsein in der Erziehung.Der gesunde Menschenverstand hat bei Eltern längst abgedankt. Kein Wunder: Im Dauerbeschuss von Vorwürfen, Vorschriften, Expertenrat und Elternschelte ist die elterliche Intuition verkümmert. Sollen Eltern autoritär erziehen oder ihre Kinder partnerschaftlich mitentscheiden lassen? Die Verunsicherung der Eltern schadet den Kindern. Sie verlieren die Orientierung, den Halt und den Schutz, den nur starke Eltern bieten können. Und sie verlieren ein erwachsenes Gegenüber, an dem sie selbst wachsen können. Dieses Buch zeigt, wie Eltern von selbsternannten Experten manipuliert und entmündigt werden. Höchste Zeit, Selbstbewusstsein und Selbstvertrauen zurückzugewinnen. Denn nur so können Eltern Kindern wieder gute Eltern sein.</subfield></datafield><datafield tag="650" ind1=" " ind2="7"><subfield code="a">Eltern</subfield><subfield code="0">(DE-Frei129)00006830</subfield><subfield code="0">(DE-588)4014516-5</subfield><subfield code="2">gnd</subfield></datafield><datafield tag="650" ind1=" " ind2="7"><subfield code="a">Selbstbewusstsein</subfield><subfield code="0">(DE-Frei129)00021957</subfield><subfield code="0">(DE-588)4054392-4</subfield><subfield code="2">gnd</subfield></datafield><datafield tag="650" ind1=" " ind2="7"><subfield code="a">Erziehung</subfield><subfield code="0">(DE-Frei129)00001468</subfield><subfield code="0">(DE-588)4015482-8</subfield><subfield code="2">gnd</subfield></datafield><datafield tag="689" ind1="0" ind2="0"><subfield code="0">(DE-588)4014516-5</subfield><subfield code="D">s</subfield><subfield code="a">Eltern </subfield></datafield><datafield tag="689" ind1="0" ind2="1"><subfield code="0">(DE-588)4054392-4</subfield><subfield code="D">s</subfield><subfield code="a">Selbstbewusstsein </subfield></datafield><datafield tag="689" ind1="0" ind2="2"><subfield code="0">(DE-588)4015482-8</subfield><subfield code="D">s</subfield><subfield code="a">Erziehung</subfield><subfield code="5">DE-101</subfield></datafield><datafield tag="852" ind1=" " ind2=" "><subfield code="a">Frei129</subfield><subfield code="c">Paed G 180: 63 a</subfield></datafield><datafield tag="856" ind1="4" ind2=" "><subfield code="8">00</subfield><subfield code="u">http://deposit.d-nb.de/cgi-bin/dokserv?id=3396803&amp;prov=M&amp;dok_var=1&amp;dok_ext=htm</subfield><subfield code="y">Inhaltstext</subfield></datafield><datafield tag="856" ind1="4" ind2=" "><subfield code="8">01</subfield><subfield code="u">http://www.gbv.de/dms/faz-rez/FD1201003172631561.pdf</subfield><subfield code="y">Rezension</subfield></datafield><datafield tag="856" ind1="4" ind2=" "><subfield code="8">02</subfield><subfield code="u">http://d-nb.info/998917354/04</subfield><subfield code="y">Verlagsinformation</subfield></datafield><datafield tag="856" ind1="4" ind2=" "><subfield code="8">03</subfield><subfield code="u">http://ecx.images-amazon.com/images/I/41pXG7R1pkL._SL500_AA300_.jpg</subfield><subfield code="y">Cover</subfield></datafield><datafield tag="856" ind1="4" ind2=" "><subfield code="8">04</subfield><subfield code="u">http://deposit.d-nb.de/cgi-bin/dokserv?id=3396803&amp;prov=M&amp;dok_var=1&amp;dok_ext=htm</subfield><subfield code="y">Verlagsinformation</subfield></datafield><datafield tag="856" ind1="4" ind2=" "><subfield code="8">05</subfield><subfield code="u">http://d-nb.info/998917354/04</subfield><subfield code="y">Inhaltsverzeichnis</subfield></datafield><datafield tag="980" ind1="0" ind2=" "><subfield code="a">00210631</subfield><subfield code="9">(PHFR)</subfield><subfield code="b">EG-Anbau (32)</subfield><subfield code="c">Paed G 180: 63</subfield><subfield code="d">Standardleihe (01)</subfield><subfield code="e">Verfügbar (X)</subfield></datafield><datafield tag="980" ind1="0" ind2=" "><subfield code="a">00212228</subfield><subfield code="9">(PHFR)</subfield><subfield code="b">EG-Anbau (32)</subfield><subfield code="c">Paed G 180: 63 a</subfield><subfield code="d">Standardleihe (01)</subfield><subfield code="e">Verfügbar (X)</subfield></datafield></record>