
<record><leader>02803nam a2200000uu 4500</leader><controlfield tag="001">02325399</controlfield><controlfield tag="003">DE-Frei129</controlfield><controlfield tag="005">20220811084050.0</controlfield><controlfield tag="007">tu</controlfield><controlfield tag="008">100319s2010    ||||||||||||||||||||ger||</controlfield><datafield tag="015" ind1=" " ind2=" "><subfield code="a">10,N01</subfield></datafield><datafield tag="016" ind1="7" ind2=" "><subfield code="a">998905682</subfield><subfield code="2">DE-101</subfield></datafield><datafield tag="020" ind1=" " ind2=" "><subfield code="a">9783772523960</subfield><subfield code="9">9783772523960</subfield><subfield code="c">GB. : ca. EUR 9.90, ca. sfr 17.90 (freier Pr.)</subfield></datafield><datafield tag="024" ind1="3" ind2=" "><subfield code="a">9783772523960</subfield></datafield><datafield tag="035" ind1=" " ind2=" "><subfield code="a">(DE-576)1602159297</subfield></datafield><datafield tag="041" ind1=" " ind2=" "><subfield code="a">ger</subfield></datafield><datafield tag="044" ind1=" " ind2=" "><subfield code="c">XA-DE-BW</subfield></datafield><datafield tag="100" ind1="1" ind2=" "><subfield code="a">Beltle, Erika</subfield><subfield code="0">(DE-Frei129)00003993</subfield><subfield code="0">(DE-588)104747196</subfield></datafield><datafield tag="245" ind1="1" ind2="0"><subfield code="a">Dreimal hab ich sie im Leibe</subfield><subfield code="b">97 Rätsel für Anfänger und alle Liebhaber</subfield><subfield code="c">von Erika Beltle</subfield></datafield><datafield tag="260" ind1="3" ind2=" "><subfield code="a">Stuttgart</subfield><subfield code="b">Verlag Freies Geistesleben</subfield><subfield code="c">2010</subfield></datafield><datafield tag="300" ind1=" " ind2=" "><subfield code="a">109 Seiten</subfield></datafield><datafield tag="500" ind1=" " ind2=" "><subfield code="a">Archivierung/Langzeitarchivierung gewährleistet</subfield></datafield><datafield tag="650" ind1=" " ind2="7"><subfield code="a">Ratespiel</subfield><subfield code="0">(DE-Frei129)00019944</subfield><subfield code="0">(DE-588)4176997-1</subfield><subfield code="2">gnd</subfield></datafield><datafield tag="689" ind1="0" ind2="0"><subfield code="0">(DE-588)4176997-1</subfield><subfield code="D">s</subfield><subfield code="a">Ratespiel</subfield><subfield code="5">DE-101</subfield></datafield><datafield tag="852" ind1=" " ind2=" "><subfield code="a">Frei129</subfield><subfield code="c">Paed B 980: 243</subfield></datafield><datafield tag="980" ind1="0" ind2=" "><subfield code="a">00211080</subfield><subfield code="9">(PHFR)</subfield><subfield code="b">EG-Anbau (32)</subfield><subfield code="c">Paed B 980: 243</subfield><subfield code="d">Standardleihe (01)</subfield><subfield code="e">Verfügbar (X)</subfield></datafield></record>