
<record><leader>05117nam a2200000uu 4500</leader><controlfield tag="001">02325302</controlfield><controlfield tag="003">DE-Frei129</controlfield><controlfield tag="005">20220811084050.0</controlfield><controlfield tag="007">tu</controlfield><controlfield tag="008">100315s2010    ||||||||||||||||||||ger||</controlfield><datafield tag="015" ind1=" " ind2=" "><subfield code="a">09,N52,2565</subfield></datafield><datafield tag="016" ind1="7" ind2=" "><subfield code="a">998737054</subfield><subfield code="2">DE-101</subfield></datafield><datafield tag="020" ind1=" " ind2=" "><subfield code="a">9783596902965</subfield><subfield code="9">978-3-596-90296-5</subfield><subfield code="c">PB. : EUR 17.00, sfr 30.00 (freier Pr.)</subfield></datafield><datafield tag="024" ind1="3" ind2=" "><subfield code="a">9783596902965</subfield></datafield><datafield tag="035" ind1=" " ind2=" "><subfield code="a">(DE-576)1602084122</subfield></datafield><datafield tag="041" ind1=" " ind2=" "><subfield code="a">ger</subfield><subfield code="h">ger</subfield></datafield><datafield tag="044" ind1=" " ind2=" "><subfield code="c">XA-DE-HE</subfield></datafield><datafield tag="245" ind1="1" ind2="0"><subfield code="a">Krieg und Frieden</subfield><subfield code="b">die Urfassung</subfield><subfield code="c">Leo Tolstoi. Aus dem Russ. von Dorothea Trottenberg. Mit einem Nachw. von Thomas Grob</subfield></datafield><datafield tag="260" ind1="3" ind2=" "><subfield code="a">Frankfurt am Main</subfield><subfield code="b">Fischer-Taschenbuch-Verl.</subfield><subfield code="c">2010 2010</subfield></datafield><datafield tag="300" ind1=" " ind2=" "><subfield code="a">1273  Seiten</subfield><subfield code="c">190 mm x 125 mm</subfield></datafield><datafield tag="490" ind1="1" ind2=" "><subfield code="a">Fischer </subfield><subfield code="v">90296</subfield></datafield><datafield tag="500" ind1=" " ind2=" "><subfield code="a">5090: ddsu/sred</subfield></datafield><datafield tag="650" ind1=" " ind2="7"><subfield code="a">Adel</subfield><subfield code="0">(DE-Frei129)00000697</subfield><subfield code="0">(DE-588)4000464-8</subfield><subfield code="2">gnd</subfield></datafield><datafield tag="650" ind1=" " ind2="7"><subfield code="a">Napoleonische Kriege</subfield><subfield code="0">(DE-Frei129)04000058</subfield><subfield code="0">(DE-588)4041216-7</subfield><subfield code="2">gnd</subfield></datafield><datafield tag="651" ind1=" " ind2="7"><subfield code="a">Russland</subfield><subfield code="0">(DE-Frei129)00020950</subfield><subfield code="0">(DE-588)4076899-5</subfield><subfield code="2">gnd</subfield></datafield><datafield tag="655" ind1=" " ind2="7"><subfield code="a">Belletristische Darstellung</subfield><subfield code="0">(DE-Frei129)00000015</subfield><subfield code="2">local</subfield></datafield><datafield tag="689" ind1="0" ind2="0"><subfield code="0">(DE-588)4076899-5</subfield><subfield code="D">g</subfield><subfield code="a">Russland </subfield></datafield><datafield tag="689" ind1="0" ind2="1"><subfield code="0">(DE-588)4000464-8</subfield><subfield code="D">s</subfield><subfield code="a">Adel </subfield></datafield><datafield tag="689" ind1="0" ind2="2"><subfield code="0">(DE-588)4041216-7</subfield><subfield code="D">s</subfield><subfield code="a">Napoleonische Kriege </subfield></datafield><datafield tag="689" ind1="0" ind2="3"><subfield code="A">s</subfield><subfield code="a">Belletristische Darstellung</subfield><subfield code="5">DE-101</subfield></datafield><datafield tag="700" ind1="1" ind2=" "><subfield code="0">(DE-588)11864291X</subfield><subfield code="0">(DE-Frei129)00055906</subfield><subfield code="a">Tolstoj, Lev Nikolaevič</subfield><subfield code="4">aut</subfield></datafield><datafield tag="700" ind1="1" ind2=" "><subfield code="0">(DE-588)136874754</subfield><subfield code="0">(DE-Frei129)00799600</subfield><subfield code="a">Trottenberg, Dorothea</subfield><subfield code="4">Übers.</subfield></datafield><datafield tag="700" ind1="1" ind2=" "><subfield code="0">(DE-588)114008744</subfield><subfield code="0">(DE-Frei129)00530504</subfield><subfield code="a">Grob, Thomas</subfield><subfield code="4">Vorr.</subfield></datafield><datafield tag="830" ind1=" " ind2="0"><subfield code="a">Fischer</subfield><subfield code="v">90296</subfield><subfield code="w">(DE-Frei129)00057161</subfield><subfield code="9">590296</subfield></datafield><datafield tag="852" ind1=" " ind2=" "><subfield code="a">Frei 129</subfield><subfield code="b">PHFR</subfield><subfield code="c">KI 6114 K92</subfield></datafield><datafield tag="856" ind1="4" ind2=" "><subfield code="8">00</subfield><subfield code="u">http://deposit.d-nb.de/cgi-bin/dokserv?id=3390255&amp;prov=M&amp;dok_var=1&amp;dok_ext=htm</subfield><subfield code="y">Inhaltstext</subfield></datafield><datafield tag="980" ind1="0" ind2=" "><subfield code="a">00211405</subfield><subfield code="9">(PHFR)</subfield><subfield code="b">2.OG (35)</subfield><subfield code="c">KI 6114 K92</subfield><subfield code="d">Standardleihe (01)</subfield><subfield code="e">Verfügbar (X)</subfield></datafield></record>