
<record><leader>05701nam a2200000uu 4500</leader><controlfield tag="001">02325281</controlfield><controlfield tag="003">DE-Frei129</controlfield><controlfield tag="005">20220811084050.0</controlfield><controlfield tag="007">tu</controlfield><controlfield tag="008">100107s2010    ||||||||||||||||||||ger||</controlfield><datafield tag="015" ind1=" " ind2=" "><subfield code="a">10,N01</subfield></datafield><datafield tag="016" ind1="7" ind2=" "><subfield code="a">998911283</subfield><subfield code="2">DE-101</subfield></datafield><datafield tag="020" ind1=" " ind2=" "><subfield code="a">9783407753496</subfield><subfield code="9">9783407753496</subfield><subfield code="c">fest geb.: EUR 16,95</subfield></datafield><datafield tag="024" ind1="3" ind2=" "><subfield code="a">9783407753496</subfield></datafield><datafield tag="035" ind1=" " ind2=" "><subfield code="a">(DE-576)615967434</subfield></datafield><datafield tag="041" ind1=" " ind2=" "><subfield code="a">ger</subfield></datafield><datafield tag="044" ind1=" " ind2=" "><subfield code="c">XA-DE-BW</subfield><subfield code="c">XA-CH</subfield></datafield><datafield tag="100" ind1="1" ind2=" "><subfield code="a">Boëtius, Henning</subfield><subfield code="0">(DE-Frei129)00006108</subfield><subfield code="0">(DE-588)115769749</subfield></datafield><datafield tag="245" ind1="1" ind2="4"><subfield code="a">Die ganze Welt in einem Satz</subfield><subfield code="b">Sprach- und Schreibwerkstatt für junge Dichter</subfield><subfield code="c">Henning Boe͏̈tius; Christa Hein. Mit Ill. von Karoline Kehr</subfield></datafield><datafield tag="260" ind1="3" ind2=" "><subfield code="a">Weinheim ; Basel</subfield><subfield code="b">Beltz &amp; Gelberg</subfield><subfield code="c">2010</subfield></datafield><datafield tag="300" ind1=" " ind2=" "><subfield code="a">209 Seiten</subfield><subfield code="b">Ill.</subfield><subfield code="c">245 mm x 168 mm</subfield></datafield><datafield tag="500" ind1=" " ind2=" "><subfield code="a">Literaturverz. S. 208 - 209</subfield></datafield><datafield tag="500" ind1=" " ind2=" "><subfield code="a">IMD-Felder maschinell generiert (GBV)</subfield></datafield><datafield tag="500" ind1=" " ind2=" "><subfield code="a">Archivierung/Langzeitarchivierung gewährleistet</subfield></datafield><datafield tag="520" ind1=" " ind2=" "><subfield code="a">Boe͏̈tius  und Hein wollen mit ihrem Experimentier- und Aktionsbuch Kinder und Jugendliche ab ca. 12 Jahren für die Feinheiten und den Hintersinn von Sprache sensibilisieren, ihr Gespür für Wörter und Sätze verbessern, den Wortschatz erweitern und sie befähigen, einen eigenen Text zu gestalten. Das auch typografisch ambitionierte Buch bewegt sich vom Kleinen zum Grossen, beginnt mit den Buchstaben und landet bei Geschichten. Dazwischen liegt eine spannende und lehrreiche Wegstrecke, die mit Abzählversen und Zungenbrechern beginnt und mit dem Handwerk des stilgerechten Schreibens (Stichwörter: Satzbau, -länge, Wortstellung im Satz; Beschreibung von Gegenständen, Orten, Personen; Vergleich und Metapher; Erzählperspektive) nicht aufhört, sondern am Schluss das &quot;Gourmetrezept für eine kurze Geschichte&quot; nicht nur liefert, sondern die Interessierten durch gezielte Fragen und Aufgaben auch fordert. Im Verein mit A. Krömer, H. Gruschka und G. Maag, die mehr an Jüngere adressiert sind, gern empfohlen; flankierend dazu S. Englerts Wörterwerkstätten. Ab 12</subfield></datafield><datafield tag="650" ind1=" " ind2="7"><subfield code="a">Kreatives Schreiben</subfield><subfield code="0">(DE-Frei129)00061461</subfield><subfield code="0">(DE-588)4165550-3</subfield><subfield code="2">gnd</subfield></datafield><datafield tag="689" ind1="0" ind2="0"><subfield code="0">(DE-588)4165550-3</subfield><subfield code="D">s</subfield><subfield code="a">Kreatives Schreiben</subfield><subfield code="5">DE-101</subfield></datafield><datafield tag="700" ind1="1" ind2=" "><subfield code="0">(DE-588)113369697</subfield><subfield code="0">(DE-Frei129)00811112</subfield><subfield code="a">Kehr, Karoline</subfield><subfield code="4">aut</subfield></datafield><datafield tag="700" ind1="1" ind2=" "><subfield code="0">(DE-588)120764911</subfield><subfield code="0">(DE-Frei129)00496044</subfield><subfield code="a">Hein, Christa</subfield><subfield code="4">aut</subfield></datafield><datafield tag="852" ind1=" " ind2=" "><subfield code="a">Frei 129</subfield><subfield code="b">PHFR</subfield><subfield code="c">ED 5430 B793</subfield></datafield><datafield tag="856" ind1="4" ind2=" "><subfield code="8">00</subfield><subfield code="u">http://deposit.d-nb.de/cgi-bin/dokserv?id=3396997&amp;prov=M&amp;dok_var=1&amp;dok_ext=htm</subfield><subfield code="y">Inhaltstext</subfield></datafield><datafield tag="856" ind1="4" ind2=" "><subfield code="8">01</subfield><subfield code="u">http://d-nb.info/998911283/04</subfield><subfield code="y">Verlagsinformation</subfield></datafield><datafield tag="856" ind1="4" ind2=" "><subfield code="8">02</subfield><subfield code="u">http://deposit.d-nb.de/cgi-bin/dokserv?id=3396997&amp;prov=M&amp;dok_var=1&amp;dok_ext=htm</subfield><subfield code="y">Inhaltstext</subfield></datafield><datafield tag="856" ind1="4" ind2=" "><subfield code="8">03</subfield><subfield code="u">http://d-nb.info/998911283/04</subfield><subfield code="y">Verlagsinformation</subfield></datafield><datafield tag="980" ind1="0" ind2=" "><subfield code="a">00212346</subfield><subfield code="9">(PHFR)</subfield><subfield code="b">2.OG (35)</subfield><subfield code="c">ED 5430 B793</subfield><subfield code="d">Standardleihe (01)</subfield><subfield code="e">Verfügbar (X)</subfield></datafield></record>