
<record><leader>05582nam a2200000uu 4500</leader><controlfield tag="001">02325260</controlfield><controlfield tag="003">DE-Frei129</controlfield><controlfield tag="005">20220811084050.0</controlfield><controlfield tag="007">tu</controlfield><controlfield tag="008">100311s2010    ||||||||||||||||||||eng||</controlfield><datafield tag="020" ind1=" " ind2=" "><subfield code="a">9780874217674</subfield><subfield code="9">9780874217674</subfield><subfield code="c">pbk.</subfield></datafield><datafield tag="020" ind1=" " ind2=" "><subfield code="a">9780874217681</subfield><subfield code="9">9780874217681</subfield><subfield code="c">e-book</subfield></datafield><datafield tag="035" ind1=" " ind2=" "><subfield code="a">(DE-576)1602030197</subfield></datafield><datafield tag="041" ind1=" " ind2=" "><subfield code="a">eng</subfield></datafield><datafield tag="044" ind1=" " ind2=" "><subfield code="c">XD-US</subfield></datafield><datafield tag="245" ind1="1" ind2="0"><subfield code="a">Facing the center</subfield><subfield code="b">toward an identity politics of one-to-one mentoring</subfield><subfield code="c">Harry C. Denny</subfield></datafield><datafield tag="260" ind1="3" ind2=" "><subfield code="a">Logan</subfield><subfield code="b">Utah State University Press</subfield><subfield code="c">2010</subfield></datafield><datafield tag="300" ind1=" " ind2=" "><subfield code="a">176 Seiten</subfield></datafield><datafield tag="500" ind1=" " ind2=" "><subfield code="a">Includes bibliographical references and index</subfield></datafield><datafield tag="520" ind1=" " ind2=" "><subfield code="a">Identity politics, face, and -- The pedagogy of one-to-one mentoring of writing -- Facing race &amp; ethnicity in the writing center -- Facing class in the writing center -- Facing sex &amp; gender in the writing center -- Facing nationality in the writing center -- Facing the center redux</subfield></datafield><datafield tag="650" ind1=" " ind2="7"><subfield code="a">English language</subfield><subfield code="0">(DE-Frei129)00237538</subfield><subfield code="2">local</subfield></datafield><datafield tag="650" ind1=" " ind2="7"><subfield code="a">Rhetoric</subfield><subfield code="0">(DE-Frei129)00239899</subfield><subfield code="2">local</subfield></datafield><datafield tag="650" ind1=" " ind2="7"><subfield code="a">Study and teaching</subfield><subfield code="0">(DE-Frei129)00237273</subfield><subfield code="2">local</subfield></datafield><datafield tag="650" ind1=" " ind2="7"><subfield code="a">Report writing</subfield><subfield code="0">(DE-Frei129)00239900</subfield><subfield code="2">local</subfield></datafield><datafield tag="650" ind1=" " ind2="7"><subfield code="a">Study and teaching (Higher)</subfield><subfield code="0">(DE-Frei129)00239290</subfield><subfield code="2">local</subfield></datafield><datafield tag="650" ind1=" " ind2="7"><subfield code="a">Writing centers</subfield><subfield code="0">(DE-Frei129)00242168</subfield><subfield code="2">local</subfield></datafield><datafield tag="650" ind1=" " ind2="7"><subfield code="a">Political aspects</subfield><subfield code="0">(DE-Frei129)00237169</subfield><subfield code="2">local</subfield></datafield><datafield tag="650" ind1=" " ind2="7"><subfield code="a">Mentoring</subfield><subfield code="0">(DE-Frei129)00423893</subfield><subfield code="2">local</subfield></datafield><datafield tag="650" ind1=" " ind2="7"><subfield code="a">Multicultural education</subfield><subfield code="0">(DE-Frei129)00240082</subfield><subfield code="2">local</subfield></datafield><datafield tag="689" ind1="0" ind2="0"><subfield code="A">s</subfield><subfield code="a">English language </subfield></datafield><datafield tag="689" ind1="0" ind2="1"><subfield code="A">s</subfield><subfield code="a">Rhetoric </subfield></datafield><datafield tag="689" ind1="0" ind2="2"><subfield code="A">s</subfield><subfield code="a">Study and teaching</subfield><subfield code="5">DE-101</subfield></datafield><datafield tag="689" ind1="1" ind2="0"><subfield code="A">s</subfield><subfield code="a">Report writing </subfield></datafield><datafield tag="689" ind1="1" ind2="1"><subfield code="A">s</subfield><subfield code="a">Study and teaching (Higher)</subfield><subfield code="5">DE-101</subfield></datafield><datafield tag="689" ind1="2" ind2="0"><subfield code="A">s</subfield><subfield code="a">Writing centers </subfield></datafield><datafield tag="689" ind1="2" ind2="1"><subfield code="A">s</subfield><subfield code="a">Political aspects</subfield><subfield code="5">DE-101</subfield></datafield><datafield tag="689" ind1="3" ind2="0"><subfield code="A">s</subfield><subfield code="a">Mentoring</subfield><subfield code="5">DE-101</subfield></datafield><datafield tag="689" ind1="4" ind2="0"><subfield code="A">s</subfield><subfield code="a">Multicultural education</subfield><subfield code="5">DE-101</subfield></datafield><datafield tag="700" ind1="1" ind2=" "><subfield code="0">(DE-Frei129)00808398</subfield><subfield code="a">Denny, Harry C.</subfield><subfield code="4">aut</subfield></datafield><datafield tag="852" ind1=" " ind2=" "><subfield code="a">Frei 129</subfield><subfield code="b">PHFR</subfield><subfield code="c">HF 336 D412</subfield></datafield><datafield tag="980" ind1="0" ind2=" "><subfield code="a">00334608</subfield><subfield code="9">(PHFR)</subfield><subfield code="b">Handbibliothek (50)</subfield><subfield code="c">Allg E 700: 196</subfield><subfield code="d">Handbibliothek - nie verleihbar (54)</subfield><subfield code="e">Verfügbar (X)</subfield></datafield></record>