
<record><leader>05539nam a2200000uu 4500</leader><controlfield tag="001">02325257</controlfield><controlfield tag="003">DE-Frei129</controlfield><controlfield tag="005">20220811084050.0</controlfield><controlfield tag="007">tu</controlfield><controlfield tag="008">100311s2010    |||||||||m||||||||||ger||</controlfield><datafield tag="015" ind1=" " ind2=" "><subfield code="a">10,N06</subfield></datafield><datafield tag="016" ind1="7" ind2=" "><subfield code="a">999978454</subfield><subfield code="2">DE-101</subfield></datafield><datafield tag="020" ind1=" " ind2=" "><subfield code="a">9783830049920</subfield><subfield code="9">9783830049920</subfield><subfield code="c">PB. : EUR 128.00</subfield></datafield><datafield tag="024" ind1="3" ind2=" "><subfield code="a">9783830049920</subfield></datafield><datafield tag="035" ind1=" " ind2=" "><subfield code="a">(DE-576)1602029989</subfield></datafield><datafield tag="041" ind1=" " ind2=" "><subfield code="a">ger</subfield></datafield><datafield tag="044" ind1=" " ind2=" "><subfield code="c">XA-DE-HH</subfield></datafield><datafield tag="100" ind1="1" ind2=" "><subfield code="a">Henke, Jan</subfield><subfield code="0">(DE-Frei129)00808396</subfield></datafield><datafield tag="245" ind1="1" ind2="4"><subfield code="a">Der Bewegungsbegriff in der neueren Geometrie und seine Adaption im elementaren Geometrieunterricht</subfield><subfield code="c">Jan Henke</subfield></datafield><datafield tag="250" ind1=" " ind2=" "><subfield code="a">1. Aufl.</subfield></datafield><datafield tag="260" ind1="3" ind2=" "><subfield code="a">Hamburg</subfield><subfield code="b">Kovač</subfield><subfield code="c">2010</subfield></datafield><datafield tag="300" ind1=" " ind2=" "><subfield code="a">553 Seiten</subfield><subfield code="b">Ill., graph. Darst.</subfield><subfield code="c">210 mm x 148 mm, 683 gr.</subfield></datafield><datafield tag="490" ind1="1" ind2=" "><subfield code="a">Beiträge zur Mathematik </subfield><subfield code="v">3</subfield></datafield><datafield tag="502" ind1=" " ind2=" "><subfield code="a">Zugl.: Univ. Köln, Diss., 2009</subfield></datafield><datafield tag="648" ind1=" " ind2="7"><subfield code="a">Geschichte 1900</subfield><subfield code="0">(DE-Frei129)00084263</subfield><subfield code="2">local</subfield></datafield><datafield tag="650" ind1=" " ind2="7"><subfield code="a">Bewegungsgruppe</subfield><subfield code="0">(DE-Frei129)00054218</subfield><subfield code="0">(DE-588)4145142-9</subfield><subfield code="2">gnd</subfield></datafield><datafield tag="650" ind1=" " ind2="7"><subfield code="a">Kongruenzabbildung</subfield><subfield code="0">(DE-Frei129)00096263</subfield><subfield code="0">(DE-588)4380586-3</subfield><subfield code="2">gnd</subfield></datafield><datafield tag="650" ind1=" " ind2="7"><subfield code="a">Geometrie</subfield><subfield code="0">(DE-Frei129)00000984</subfield><subfield code="0">(DE-588)4020236-7</subfield><subfield code="2">gnd</subfield></datafield><datafield tag="650" ind1=" " ind2="7"><subfield code="a">Mathematikunterricht</subfield><subfield code="0">(DE-Frei129)00016130</subfield><subfield code="0">(DE-588)4037949-8</subfield><subfield code="2">gnd</subfield></datafield><datafield tag="689" ind1="0" ind2="0"><subfield code="0">(DE-588)4145142-9</subfield><subfield code="D">s</subfield><subfield code="a">Bewegungsgruppe </subfield></datafield><datafield tag="689" ind1="0" ind2="1"><subfield code="0">(DE-588)4380586-3</subfield><subfield code="D">s</subfield><subfield code="a">Kongruenzabbildung </subfield></datafield><datafield tag="689" ind1="0" ind2="2"><subfield code="0">(DE-588)4020236-7</subfield><subfield code="D">s</subfield><subfield code="a">Geometrie </subfield></datafield><datafield tag="689" ind1="0" ind2="3"><subfield code="0">(DE-588)4037949-8</subfield><subfield code="D">s</subfield><subfield code="a">Mathematikunterricht </subfield></datafield><datafield tag="689" ind1="0" ind2="4"><subfield code="A">s</subfield><subfield code="a">Geschichte 1900</subfield><subfield code="5">DE-101</subfield></datafield><datafield tag="830" ind1=" " ind2="0"><subfield code="a">Schriftenreihe Beiträge zur Mathematik</subfield><subfield code="v">3</subfield><subfield code="w">(DE-Frei129)00311532</subfield><subfield code="9">13</subfield></datafield><datafield tag="852" ind1=" " ind2=" "><subfield code="a">Frei129</subfield><subfield code="c">Math N 450: 182</subfield></datafield><datafield tag="856" ind1="4" ind2=" "><subfield code="8">00</subfield><subfield code="u">http://swbplus.bsz-bw.de/bsz320659887cov.htm</subfield><subfield code="y">Cover</subfield></datafield><datafield tag="856" ind1="4" ind2=" "><subfield code="8">01</subfield><subfield code="u">https://zbmath.org/?q=an:1231.51003</subfield><subfield code="y">Inhaltstext</subfield></datafield><datafield tag="856" ind1="4" ind2=" "><subfield code="8">02</subfield><subfield code="u">http://www.verlagdrkovac.de/978-3-8300-4992-0.htm</subfield><subfield code="y">Verlagsinformation</subfield></datafield><datafield tag="856" ind1="4" ind2=" "><subfield code="8">03</subfield><subfield code="u">http://d-nb.info/999978454/04</subfield><subfield code="y">Inhaltsverzeichnis</subfield></datafield><datafield tag="980" ind1="0" ind2=" "><subfield code="a">00205408</subfield><subfield code="9">(PHFR)</subfield><subfield code="b">UG (33)</subfield><subfield code="c">Math N 450: 182</subfield><subfield code="d">Standardleihe (01)</subfield><subfield code="e">Verfügbar (X)</subfield></datafield></record>