
<record><leader>05727nam a2200000uu 4500</leader><controlfield tag="001">02325182</controlfield><controlfield tag="003">DE-Frei129</controlfield><controlfield tag="005">20220811084050.0</controlfield><controlfield tag="007">tu</controlfield><controlfield tag="008">100224s2010    ||||||||||||||||||||ger||</controlfield><datafield tag="015" ind1=" " ind2=" "><subfield code="a">10,N08</subfield></datafield><datafield tag="016" ind1="7" ind2=" "><subfield code="a">1000311724</subfield><subfield code="2">DE-101</subfield></datafield><datafield tag="020" ind1=" " ind2=" "><subfield code="a">9783929273786</subfield><subfield code="9">9783929273786</subfield><subfield code="c">kart. : EUR 20.00</subfield></datafield><datafield tag="024" ind1="3" ind2=" "><subfield code="a">9783929273786</subfield></datafield><datafield tag="035" ind1=" " ind2=" "><subfield code="a">(DE-576)619698462</subfield></datafield><datafield tag="041" ind1=" " ind2=" "><subfield code="a">ger</subfield></datafield><datafield tag="044" ind1=" " ind2=" "><subfield code="c">XA-DE-BE</subfield></datafield><datafield tag="100" ind1="1" ind2=" "><subfield code="a">Huck, Jana</subfield><subfield code="0">(DE-Frei129)00398181</subfield></datafield><datafield tag="245" ind1="1" ind2="0"><subfield code="a">Schülerlabor &amp; Co.</subfield><subfield code="b">außerschulische naturwissenschaftlich-technische Experimentierangebote als Ergänzung des Schulunterrichts in der Region Berlin-Brandenburg</subfield><subfield code="c">Jana Huck, Gerhard de Haan und Michael Plesse. [TSB, Technologiestiftung Berlin. Hrsg. Christian Hammel]</subfield></datafield><datafield tag="246" ind1="1" ind2="0"><subfield code="a">Schülerlabor und Co.</subfield></datafield><datafield tag="260" ind1="3" ind2=" "><subfield code="a">Berlin</subfield><subfield code="b">Regioverl.</subfield><subfield code="c">2010</subfield></datafield><datafield tag="300" ind1=" " ind2=" "><subfield code="a">148 Seiten</subfield><subfield code="b">Ill., graph. Darst.</subfield><subfield code="c">24 cm, 420 gr.</subfield></datafield><datafield tag="490" ind1="0" ind2=" "><subfield code="a">Studien zu Technologie und Innovation</subfield></datafield><datafield tag="500" ind1=" " ind2=" "><subfield code="a">Literaturverz. S. 145 - 148</subfield></datafield><datafield tag="500" ind1=" " ind2=" "><subfield code="a">IMD-Felder maschinell generiert (GBV)</subfield></datafield><datafield tag="650" ind1=" " ind2="7"><subfield code="a">Technikunterricht</subfield><subfield code="0">(DE-Frei129)00023880</subfield><subfield code="0">(DE-588)4059217-0</subfield><subfield code="2">gnd</subfield></datafield><datafield tag="650" ind1=" " ind2="7"><subfield code="a">Schülerversuch</subfield><subfield code="0">(DE-Frei129)00090355</subfield><subfield code="0">(DE-588)4316613-1</subfield><subfield code="2">gnd</subfield></datafield><datafield tag="650" ind1=" " ind2="7"><subfield code="a">Außerschulische Bildung</subfield><subfield code="0">(DE-Frei129)00035500</subfield><subfield code="0">(DE-588)4234453-0</subfield><subfield code="2">gnd</subfield></datafield><datafield tag="651" ind1=" " ind2="7"><subfield code="a">Berlin</subfield><subfield code="0">(DE-Frei129)00003318</subfield><subfield code="0">(DE-588)4005728-8</subfield><subfield code="2">gnd</subfield></datafield><datafield tag="651" ind1=" " ind2="7"><subfield code="a">Brandenburg</subfield><subfield code="0">(DE-Frei129)00004321</subfield><subfield code="0">(DE-588)4007955-7</subfield><subfield code="2">gnd</subfield></datafield><datafield tag="689" ind1="0" ind2="0"><subfield code="0">(DE-588)4005728-8</subfield><subfield code="D">g</subfield><subfield code="a">Berlin </subfield></datafield><datafield tag="689" ind1="0" ind2="1"><subfield code="0">(DE-588)4007955-7</subfield><subfield code="D">g</subfield><subfield code="a">Brandenburg </subfield></datafield><datafield tag="689" ind1="0" ind2="2"><subfield code="0">(DE-588)4059217-0</subfield><subfield code="D">s</subfield><subfield code="a">Technikunterricht </subfield></datafield><datafield tag="689" ind1="0" ind2="3"><subfield code="0">(DE-588)4316613-1</subfield><subfield code="D">s</subfield><subfield code="a">Schülerversuch </subfield></datafield><datafield tag="689" ind1="0" ind2="4"><subfield code="0">(DE-588)4234453-0</subfield><subfield code="D">s</subfield><subfield code="a">Außerschulische Bildung</subfield><subfield code="5">DE-101</subfield></datafield><datafield tag="700" ind1="1" ind2=" "><subfield code="0">(DE-588)120761238</subfield><subfield code="0">(DE-Frei129)00063538</subfield><subfield code="a">Haan, Gerhard de</subfield><subfield code="4">aut</subfield></datafield><datafield tag="700" ind1="1" ind2=" "><subfield code="0">(DE-Frei129)00449677</subfield><subfield code="a">Plesse, Michael</subfield><subfield code="4">aut</subfield></datafield><datafield tag="852" ind1=" " ind2=" "><subfield code="a">Frei 129</subfield><subfield code="b">PHFR</subfield><subfield code="c">ZG 9000 H882</subfield></datafield><datafield tag="856" ind1="4" ind2=" "><subfield code="8">00</subfield><subfield code="u">http://d-nb.info/1000311724/04</subfield><subfield code="y">Kurzbeschreibung des Verlags</subfield></datafield><datafield tag="856" ind1="4" ind2=" "><subfield code="8">01</subfield><subfield code="u">http://d-nb.info/1000311724/04</subfield><subfield code="y">Verlagsinformation</subfield></datafield><datafield tag="980" ind1="0" ind2=" "><subfield code="a">00213047</subfield><subfield code="9">(PHFR)</subfield><subfield code="b">UG (33)</subfield><subfield code="c">ZG 9000 H882</subfield><subfield code="d">Standardleihe (01)</subfield><subfield code="e">Verfügbar (X)</subfield></datafield></record>