
<record><leader>03652nam a2200000uu 4500</leader><controlfield tag="001">02325124</controlfield><controlfield tag="003">DE-Frei129</controlfield><controlfield tag="005">20220811084050.0</controlfield><controlfield tag="007">tu</controlfield><controlfield tag="008">100422s2010    ||||||||||||||||||||fre||</controlfield><datafield tag="020" ind1=" " ind2=" "><subfield code="a">9782070786541</subfield><subfield code="9">9782070786541</subfield><subfield code="c">pbk. : 19.00 EUR</subfield></datafield><datafield tag="035" ind1=" " ind2=" "><subfield code="a">(DE-576)624338622</subfield></datafield><datafield tag="041" ind1=" " ind2=" "><subfield code="a">fre</subfield></datafield><datafield tag="044" ind1=" " ind2=" "><subfield code="c">XA-FR</subfield></datafield><datafield tag="245" ind1="1" ind2="0"><subfield code="a">Trois femmes puissantes</subfield><subfield code="b">roman</subfield><subfield code="c">Marie NDiaye</subfield></datafield><datafield tag="250" ind1=" " ind2=" "><subfield code="a">[Réimpr.]</subfield></datafield><datafield tag="260" ind1="3" ind2=" "><subfield code="a">[Paris]</subfield><subfield code="b">Gallimard</subfield><subfield code="c">2010</subfield></datafield><datafield tag="300" ind1=" " ind2=" "><subfield code="a">316 Seiten</subfield><subfield code="c">24 cm</subfield></datafield><datafield tag="490" ind1="0" ind2=" "><subfield code="a">Nrf</subfield></datafield><datafield tag="500" ind1=" " ind2=" "><subfield code="a">nrf</subfield></datafield><datafield tag="500" ind1=" " ind2=" "><subfield code="a">Übers. unter dem Titel: Drei starke Frauen</subfield></datafield><datafield tag="500" ind1=" " ind2=" "><subfield code="a">Prix Goncourt 2009</subfield></datafield><datafield tag="500" ind1=" " ind2=" "><subfield code="a">IMD-Felder maschinell generiert (GBV)</subfield></datafield><datafield tag="520" ind1=" " ind2=" "><subfield code="a">Trois récits, trois femmes qui disent non. Elles s&apos;appellent Norah, Fanta, Khady Demba. Chacune se bat pour préserver sa dignité contre les humiliations que la vie lui inflige avec une obstination méthodique et incompréhensible. L&apos;art de Marie NDiaye apparaît ici dans toute sa singularité et son mystère. La force de son écriture tient à son apparente douceur, aux lentes circonvolutions qui entraînent le lecteur sous le glacis d&apos;une prose impeccable et raffinée, dans les méandres d&apos;une conscience livrée à la pure violence des sentiments.</subfield></datafield><datafield tag="700" ind1="1" ind2=" "><subfield code="0">(DE-588)115522352</subfield><subfield code="0">(DE-Frei129)00087038</subfield><subfield code="a">NDiaye, Marie</subfield><subfield code="4">aut</subfield></datafield><datafield tag="852" ind1=" " ind2=" "><subfield code="a">Frei 129</subfield><subfield code="b">PHFR</subfield><subfield code="c">IH 67420 T845</subfield></datafield><datafield tag="856" ind1="4" ind2=" "><subfield code="8">00</subfield><subfield code="u">http://www.gbv.de/dms/faz-rez/FD1201006262750474.pdf</subfield><subfield code="y">Rezension</subfield></datafield><datafield tag="856" ind1="4" ind2=" "><subfield code="8">01</subfield><subfield code="u">http://www.gallimard.fr/Catalogue/GALLIMARD/Blanche/Trois-femmes-puissantes</subfield><subfield code="y">Inhaltsbeschreibung &amp; Leseprobe</subfield></datafield><datafield tag="980" ind1="0" ind2=" "><subfield code="a">00209093</subfield><subfield code="9">(PHFR)</subfield><subfield code="b">2.OG (35)</subfield><subfield code="c">IH 67420 T845</subfield><subfield code="d">Standardleihe (01)</subfield><subfield code="e">Verfügbar (X)</subfield></datafield></record>