
<record><leader>03085nam a2200000uu 4500</leader><controlfield tag="001">02324974</controlfield><controlfield tag="003">DE-Frei129</controlfield><controlfield tag="005">20220811084050.0</controlfield><controlfield tag="007">tu</controlfield><controlfield tag="008">100302s2010    ||||||||||||||||||||ger||</controlfield><datafield tag="015" ind1=" " ind2=" "><subfield code="a">09,N50,2643</subfield></datafield><datafield tag="016" ind1="7" ind2=" "><subfield code="a">998415375</subfield><subfield code="2">DE-101</subfield></datafield><datafield tag="020" ind1=" " ind2=" "><subfield code="a">9783150107454</subfield><subfield code="9">9783150107454</subfield><subfield code="c">GB. : ca. EUR 18.90, ca. EUR 19.50 (AT), ca. sfr 34.50 (freier Pr.)</subfield></datafield><datafield tag="024" ind1="3" ind2=" "><subfield code="a">9783150107454</subfield></datafield><datafield tag="035" ind1=" " ind2=" "><subfield code="a">(DE-576)1601693672</subfield></datafield><datafield tag="041" ind1=" " ind2=" "><subfield code="a">ger</subfield></datafield><datafield tag="044" ind1=" " ind2=" "><subfield code="c">XA-DE-BW</subfield></datafield><datafield tag="100" ind1="1" ind2=" "><subfield code="a">Wilde, Oscar</subfield><subfield code="0">(DE-Frei129)00059847</subfield><subfield code="0">(DE-588)118632779</subfield></datafield><datafield tag="245" ind1="1" ind2="4"><subfield code="a">Das Bildnis des Dorian Gray</subfield><subfield code="c">Oscar Wilde. Aus dem Engl. übers. von Ingrid Rein</subfield></datafield><datafield tag="246" ind1="1" ind2="3"><subfield code="a">The picture of Dorian Gray</subfield></datafield><datafield tag="260" ind1="3" ind2=" "><subfield code="a">Stuttgart</subfield><subfield code="b">Reclam</subfield><subfield code="c">2010</subfield></datafield><datafield tag="300" ind1=" " ind2=" "><subfield code="a">349 Seiten</subfield><subfield code="c">190 mm x 120 mm</subfield></datafield><datafield tag="490" ind1="0" ind2=" "><subfield code="a">Reclam-Bibliothek</subfield></datafield><datafield tag="500" ind1=" " ind2=" "><subfield code="a">Archivierung/Langzeitarchivierung gewährleistet</subfield></datafield><datafield tag="700" ind1="1" ind2=" "><subfield code="0">(DE-588)110746198</subfield><subfield code="0">(DE-Frei129)00790282</subfield><subfield code="a">Rein, Ingrid</subfield><subfield code="4">oth</subfield></datafield><datafield tag="852" ind1=" " ind2=" "><subfield code="a">Frei 129</subfield><subfield code="b">PHFR</subfield><subfield code="c">HL 4864 B595</subfield></datafield><datafield tag="856" ind1="4" ind2=" "><subfield code="8">00</subfield><subfield code="u">http://deposit.d-nb.de/cgi-bin/dokserv?id=3380276&amp;prov=M&amp;dok_var=1&amp;dok_ext=htm</subfield><subfield code="y">Inhaltstext</subfield></datafield><datafield tag="980" ind1="0" ind2=" "><subfield code="a">00014154</subfield><subfield code="9">(PHFR)</subfield><subfield code="b">2.OG (35)</subfield><subfield code="c">HL 4864 B595</subfield><subfield code="d">Standardleihe (01)</subfield><subfield code="e">Verfügbar (X)</subfield></datafield></record>