
<record><leader>04257nam a2200000uu 4500</leader><controlfield tag="001">02324965</controlfield><controlfield tag="003">DE-Frei129</controlfield><controlfield tag="005">20220811084050.0</controlfield><controlfield tag="007">tu</controlfield><controlfield tag="008">091216s2010    ||||||||||||||||||||ger||</controlfield><datafield tag="015" ind1=" " ind2=" "><subfield code="a">10,A08</subfield></datafield><datafield tag="016" ind1="7" ind2=" "><subfield code="a">998695041</subfield><subfield code="2">DE-101</subfield></datafield><datafield tag="020" ind1=" " ind2=" "><subfield code="a">9783772456343</subfield><subfield code="9">9783772456343</subfield><subfield code="c">Pp. : EUR 14.90 (DE), EUR 15.40 (AT), sfr 29.00 (freier Pr.)</subfield></datafield><datafield tag="024" ind1="3" ind2=" "><subfield code="a">9783772456343</subfield></datafield><datafield tag="035" ind1=" " ind2=" "><subfield code="a">(DE-576)615136141</subfield></datafield><datafield tag="041" ind1=" " ind2=" "><subfield code="a">ger</subfield></datafield><datafield tag="044" ind1=" " ind2=" "><subfield code="c">XA-DE-BW</subfield></datafield><datafield tag="100" ind1="1" ind2=" "><subfield code="a">Schmitt, Gudrun</subfield><subfield code="0">(DE-Frei129)00954262</subfield><subfield code="0">(DE-588)137733526</subfield></datafield><datafield tag="245" ind1="1" ind2="0"><subfield code="a">Spielsachen aus Holz</subfield><subfield code="b">[tolle Ideen zum Selbermachen]</subfield><subfield code="c">Gudrun Schmitt</subfield></datafield><datafield tag="250" ind1=" " ind2=" "><subfield code="a">1. Aufl.</subfield></datafield><datafield tag="260" ind1="3" ind2=" "><subfield code="a">Stuttgart</subfield><subfield code="b">Frech</subfield><subfield code="c">2010</subfield></datafield><datafield tag="300" ind1=" " ind2=" "><subfield code="a">80 Seiten</subfield><subfield code="b">zahlr. Ill</subfield><subfield code="c">27 cm</subfield><subfield code="e">1 Beil. (1 Bl.)</subfield></datafield><datafield tag="490" ind1="0" ind2=" "><subfield code="a">Topp </subfield><subfield code="v">5634</subfield></datafield><datafield tag="500" ind1=" " ind2=" "><subfield code="a">IMD-Felder maschinell generiert (GBV)</subfield></datafield><datafield tag="500" ind1=" " ind2=" "><subfield code="a">Archivierung/Langzeitarchivierung gewährleistet</subfield></datafield><datafield tag="520" ind1=" " ind2=" "><subfield code="a">Für drinnen und draussen, für gröe︢re und ganz kleine Kinder, für Jungs und Mädchen - hier finden Sie tolle, liebevoll gestaltete Holz-Spielsachen für alle Kinder</subfield></datafield><datafield tag="650" ind1=" " ind2="7"><subfield code="a">Spielzeug</subfield><subfield code="0">(DE-Frei129)00011365</subfield><subfield code="0">(DE-588)4056248-7</subfield><subfield code="2">gnd</subfield></datafield><datafield tag="650" ind1=" " ind2="7"><subfield code="a">Laubsägearbeit</subfield><subfield code="0">(DE-Frei129)00072458</subfield><subfield code="0">(DE-588)4195170-0</subfield><subfield code="2">gnd</subfield></datafield><datafield tag="689" ind1="0" ind2="0"><subfield code="0">(DE-588)4056248-7</subfield><subfield code="D">s</subfield><subfield code="a">Spielzeug </subfield></datafield><datafield tag="689" ind1="0" ind2="1"><subfield code="0">(DE-588)4195170-0</subfield><subfield code="D">s</subfield><subfield code="a">Laubsägearbeit</subfield><subfield code="5">DE-101</subfield></datafield><datafield tag="852" ind1=" " ind2=" "><subfield code="a">Frei129</subfield><subfield code="c">Paed M 50: 66</subfield></datafield><datafield tag="856" ind1="4" ind2=" "><subfield code="8">00</subfield><subfield code="u">http://d-nb.info/998695041/04</subfield><subfield code="y">Kurzbeschreibung des Verlags</subfield></datafield><datafield tag="856" ind1="4" ind2=" "><subfield code="8">01</subfield><subfield code="u">http://d-nb.info/998695041/04</subfield><subfield code="y">Verlagsinformation</subfield></datafield><datafield tag="980" ind1="0" ind2=" "><subfield code="a">00209869</subfield><subfield code="9">(PHFR)</subfield><subfield code="b">EG-Anbau (32)</subfield><subfield code="c">Paed M 50: 66</subfield><subfield code="d">Standardleihe (01)</subfield><subfield code="e">Verfügbar (X)</subfield></datafield></record>