
<record><leader>02891nam a2200000uu 4500</leader><controlfield tag="001">02324878</controlfield><controlfield tag="003">DE-Frei129</controlfield><controlfield tag="005">20220811084050.0</controlfield><controlfield tag="007">tu</controlfield><controlfield tag="008">100223s2010    ||||||||||||||||||||ger||</controlfield><datafield tag="020" ind1=" " ind2=" "><subfield code="a">9783472076735</subfield><subfield code="9">978-3-472-07673-5</subfield></datafield><datafield tag="024" ind1="3" ind2=" "><subfield code="a">9783472076735</subfield></datafield><datafield tag="035" ind1=" " ind2=" "><subfield code="a">(DE-576)1388999366</subfield></datafield><datafield tag="041" ind1=" " ind2=" "><subfield code="a">ger</subfield></datafield><datafield tag="044" ind1=" " ind2=" "><subfield code="c">XA-DE-NW</subfield></datafield><datafield tag="100" ind1="1" ind2=" "><subfield code="a">Buhren, Claus G.</subfield><subfield code="0">(DE-Frei129)00111802</subfield><subfield code="0">(DE-588)120009897</subfield></datafield><datafield tag="245" ind1="1" ind2="0"><subfield code="a">Fachkonferenzen für Fortgeschrittene</subfield><subfield code="b">Bausteine zur Schulentwicklung</subfield><subfield code="c">Buhren/Kempfert</subfield></datafield><datafield tag="260" ind1="3" ind2=" "><subfield code="a">Köln</subfield><subfield code="b">LinkLuchterhand</subfield><subfield code="c">2010</subfield></datafield><datafield tag="300" ind1=" " ind2=" "><subfield code="a">96  Seiten</subfield><subfield code="b">graph. Darst.</subfield><subfield code="c">18 cm</subfield></datafield><datafield tag="490" ind1="1" ind2=" "><subfield code="a">Schulmanagement konkret </subfield><subfield code="v">17</subfield></datafield><datafield tag="500" ind1=" " ind2=" "><subfield code="a">5090: ddsu/sred</subfield></datafield><datafield tag="700" ind1="1" ind2=" "><subfield code="0">(DE-588)121380726</subfield><subfield code="0">(DE-Frei129)00130282</subfield><subfield code="a">Kempfert, Guy</subfield><subfield code="4">aut</subfield></datafield><datafield tag="830" ind1=" " ind2="0"><subfield code="a">Schulmanagement konkret</subfield><subfield code="v">17</subfield><subfield code="w">(DE-Frei129)00255179</subfield><subfield code="9">217</subfield></datafield><datafield tag="852" ind1=" " ind2=" "><subfield code="a">Frei129</subfield><subfield code="c">Paed L 100: 319</subfield></datafield><datafield tag="856" ind1="4" ind2=" "><subfield code="8">00</subfield><subfield code="u">http://d-nb.info/995974519/04</subfield><subfield code="y">Inhaltsverzeichnis</subfield></datafield><datafield tag="980" ind1="0" ind2=" "><subfield code="a">00210773</subfield><subfield code="9">(PHFR)</subfield><subfield code="b">EG-Anbau (32)</subfield><subfield code="c">Paed L 100: 319</subfield><subfield code="d">Standardleihe (01)</subfield><subfield code="e">Verfügbar (X)</subfield></datafield></record>