
<record><leader>04341nam a2200000uu 4500</leader><controlfield tag="001">02324849</controlfield><controlfield tag="003">DE-Frei129</controlfield><controlfield tag="005">20220811084050.0</controlfield><controlfield tag="007">tu</controlfield><controlfield tag="008">100222s2010    ||||||||||||||||||||ger||</controlfield><datafield tag="015" ind1=" " ind2=" "><subfield code="a">10,N03</subfield></datafield><datafield tag="016" ind1="7" ind2=" "><subfield code="a">999244035</subfield><subfield code="2">DE-101</subfield></datafield><datafield tag="020" ind1=" " ind2=" "><subfield code="a">9783427041627</subfield><subfield code="9">978-3-427-04162-7</subfield><subfield code="c">PB. : EUR 18.95, EUR 19.45</subfield></datafield><datafield tag="024" ind1="3" ind2=" "><subfield code="a">9783427041627</subfield></datafield><datafield tag="024" ind1="8" ind2=" "><subfield code="a">04162</subfield></datafield><datafield tag="035" ind1=" " ind2=" "><subfield code="a">(DE-576)617913080</subfield></datafield><datafield tag="041" ind1=" " ind2=" "><subfield code="a">ger</subfield><subfield code="a">ger</subfield></datafield><datafield tag="044" ind1=" " ind2=" "><subfield code="c">XA-DE-NW</subfield></datafield><datafield tag="245" ind1="1" ind2="0"><subfield code="a">Lernfeld Kunst</subfield><subfield code="b">Lernsituationen zur ästhetischen Bildung in sozialpädagogischen Berufen</subfield><subfield code="c">Andreas Cieslik-Eichert; Heike Dunker; Claus Jacke</subfield></datafield><datafield tag="250" ind1=" " ind2=" "><subfield code="a">1. Aufl.</subfield></datafield><datafield tag="260" ind1="3" ind2=" "><subfield code="a">Troisdorf</subfield><subfield code="b">Bildungsverlag EINS</subfield><subfield code="c">2010 2010</subfield></datafield><datafield tag="300" ind1=" " ind2=" "><subfield code="a">246  Seiten</subfield><subfield code="b">Ill.</subfield><subfield code="c">240 mm x 170 mm</subfield></datafield><datafield tag="650" ind1=" " ind2="7"><subfield code="a">Ästhetische Erziehung</subfield><subfield code="0">(DE-Frei129)00000772</subfield><subfield code="0">(DE-588)4000628-1</subfield><subfield code="2">gnd</subfield></datafield><datafield tag="650" ind1=" " ind2="7"><subfield code="a">Sozialpädagogik</subfield><subfield code="0">(DE-Frei129)00022401</subfield><subfield code="0">(DE-588)4055864-2</subfield><subfield code="2">gnd</subfield></datafield><datafield tag="655" ind1=" " ind2="7"><subfield code="a">Lehrmittel</subfield><subfield code="0">(DE-Frei129)00000023</subfield><subfield code="2">local</subfield></datafield><datafield tag="689" ind1="0" ind2="0"><subfield code="0">(DE-588)4000628-1</subfield><subfield code="D">s</subfield><subfield code="a">Ästhetische Erziehung </subfield></datafield><datafield tag="689" ind1="0" ind2="1"><subfield code="0">(DE-588)4055864-2</subfield><subfield code="D">s</subfield><subfield code="a">Sozialpädagogik </subfield></datafield><datafield tag="689" ind1="0" ind2="2"><subfield code="A">s</subfield><subfield code="a">Lehrmittel</subfield><subfield code="5">DE-101</subfield></datafield><datafield tag="700" ind1="1" ind2=" "><subfield code="0">(DE-Frei129)00254647</subfield><subfield code="a">Cieslik-Eichert, Andreas</subfield><subfield code="4">aut</subfield></datafield><datafield tag="700" ind1="1" ind2=" "><subfield code="0">(DE-Frei129)00808371</subfield><subfield code="a">Dunker, Heike</subfield><subfield code="4">aut</subfield></datafield><datafield tag="700" ind1="1" ind2=" "><subfield code="0">(DE-Frei129)00254648</subfield><subfield code="a">Jacke, Claus</subfield><subfield code="4">aut</subfield></datafield><datafield tag="852" ind1=" " ind2=" "><subfield code="a">Frei 129</subfield><subfield code="b">PHFR</subfield><subfield code="c">LH 61200 C569</subfield></datafield><datafield tag="856" ind1="4" ind2=" "><subfield code="8">00</subfield><subfield code="u">http://deposit.d-nb.de/cgi-bin/dokserv?id=3407878&amp;prov=M&amp;dok_var=1&amp;dok_ext=htm</subfield><subfield code="y">Inhaltstext</subfield></datafield><datafield tag="980" ind1="0" ind2=" "><subfield code="a">00212608</subfield><subfield code="9">(PHFR)</subfield><subfield code="b">2.OG (35)</subfield><subfield code="c">LH 61200 C569</subfield><subfield code="d">Standardleihe (01)</subfield><subfield code="e">Verfügbar (X)</subfield></datafield></record>