
<record><leader>04027nam a2200000uu 4500</leader><controlfield tag="001">02324846</controlfield><controlfield tag="003">DE-Frei129</controlfield><controlfield tag="005">20220811084050.0</controlfield><controlfield tag="007">tu</controlfield><controlfield tag="008">100203s2010    ||||||||||||||||||||ger||</controlfield><datafield tag="015" ind1=" " ind2=" "><subfield code="a">10,N03</subfield></datafield><datafield tag="016" ind1="7" ind2=" "><subfield code="a">99924406X</subfield><subfield code="2">DE-101</subfield></datafield><datafield tag="020" ind1=" " ind2=" "><subfield code="a">9783427505525</subfield><subfield code="9">9783427505525</subfield><subfield code="c">PB. : EUR 14.90, ca. EUR 14.95</subfield></datafield><datafield tag="024" ind1="3" ind2=" "><subfield code="a">9783427505525</subfield></datafield><datafield tag="035" ind1=" " ind2=" "><subfield code="a">(DE-576)617913110</subfield></datafield><datafield tag="041" ind1=" " ind2=" "><subfield code="a">ger</subfield></datafield><datafield tag="044" ind1=" " ind2=" "><subfield code="c">XA-DE-NW</subfield></datafield><datafield tag="245" ind1="1" ind2="0"><subfield code="a">Grundwissen Entwicklung und Gesundheit</subfield><subfield code="b">für die sozialpädagogische Erstausbildung Lehr-/Fachbuch</subfield><subfield code="c">Sonja Dittrich; Klaus Laxander; Frank M. Müller</subfield></datafield><datafield tag="250" ind1=" " ind2=" "><subfield code="a">1., Auflage</subfield></datafield><datafield tag="260" ind1="3" ind2=" "><subfield code="a">Troisdorf</subfield><subfield code="b">Bildungsverlag Eins</subfield><subfield code="c">2010</subfield></datafield><datafield tag="300" ind1=" " ind2=" "><subfield code="a">112 Seiten</subfield><subfield code="b">Ill.</subfield><subfield code="c">240 mm x 170 mm</subfield></datafield><datafield tag="500" ind1=" " ind2=" "><subfield code="a">IMD-Felder maschinell generiert (GBV)</subfield></datafield><datafield tag="700" ind1="1" ind2=" "><subfield code="0">(DE-Frei129)00806562</subfield><subfield code="a">Drude, Sonja</subfield><subfield code="4">aut</subfield></datafield><datafield tag="700" ind1="1" ind2=" "><subfield code="0">(DE-Frei129)00801695</subfield><subfield code="a">Laxander, Klaus</subfield><subfield code="4">aut</subfield></datafield><datafield tag="700" ind1="1" ind2=" "><subfield code="0">(DE-Frei129)00808370</subfield><subfield code="a">Müller, Frank M.</subfield><subfield code="4">aut</subfield></datafield><datafield tag="700" ind1="1" ind2=" "><subfield code="0">(DE-Frei129)00806562</subfield><subfield code="a">Drude, Sonja</subfield><subfield code="4">oth</subfield></datafield><datafield tag="852" ind1=" " ind2=" "><subfield code="a">Frei129</subfield><subfield code="c">Paed U 860: 89</subfield></datafield><datafield tag="856" ind1="4" ind2=" "><subfield code="8">00</subfield><subfield code="u">http://deposit.d-nb.de/cgi-bin/dokserv?id=3407881&amp;prov=M&amp;dok_var=1&amp;dok_ext=htm</subfield><subfield code="y">Kurzbeschreibung des Verlags</subfield></datafield><datafield tag="856" ind1="4" ind2=" "><subfield code="8">01</subfield><subfield code="u">http://www.socialnet.de/rezensionen/isbn.php?isbn=978-3-427-50552-5</subfield><subfield code="y">Rezension (socialnet.)</subfield></datafield><datafield tag="856" ind1="4" ind2=" "><subfield code="8">02</subfield><subfield code="u">http://d-nb.info/99924406X/04</subfield><subfield code="y">Kurzbeschreibung des Verlags</subfield></datafield><datafield tag="856" ind1="4" ind2=" "><subfield code="8">03</subfield><subfield code="u">http://deposit.d-nb.de/cgi-bin/dokserv?id=3407881&amp;prov=M&amp;dok_var=1&amp;dok_ext=htm</subfield><subfield code="y">Inhaltstext</subfield></datafield><datafield tag="980" ind1="0" ind2=" "><subfield code="a">00212017</subfield><subfield code="9">(PHFR)</subfield><subfield code="b">EG-Anbau (32)</subfield><subfield code="c">Paed U 860: 89</subfield><subfield code="d">Standardleihe (01)</subfield><subfield code="e">Verfügbar (X)</subfield></datafield></record>