
<record><leader>04266nam a2200000uu 4500</leader><controlfield tag="001">02324829</controlfield><controlfield tag="003">DE-Frei129</controlfield><controlfield tag="005">20220811084050.0</controlfield><controlfield tag="007">tu</controlfield><controlfield tag="008">100203s2010    ||||||||||||||||||||ger||</controlfield><datafield tag="015" ind1=" " ind2=" "><subfield code="a">10,N03</subfield></datafield><datafield tag="016" ind1="7" ind2=" "><subfield code="a">999244167</subfield><subfield code="2">DE-101</subfield></datafield><datafield tag="020" ind1=" " ind2=" "><subfield code="a">9783427041580</subfield><subfield code="9">9783427041580</subfield><subfield code="c">PB. : ca. EUR 18.95</subfield></datafield><datafield tag="024" ind1="3" ind2=" "><subfield code="a">9783427041580</subfield></datafield><datafield tag="035" ind1=" " ind2=" "><subfield code="a">(DE-576)617913226</subfield></datafield><datafield tag="041" ind1=" " ind2=" "><subfield code="a">ger</subfield></datafield><datafield tag="044" ind1=" " ind2=" "><subfield code="c">XA-DE-NW</subfield></datafield><datafield tag="100" ind1="1" ind2=" "><subfield code="a">Österreicher, Herbert</subfield><subfield code="0">(DE-Frei129)00154270</subfield><subfield code="0">(DE-588)123788307</subfield></datafield><datafield tag="245" ind1="1" ind2="0"><subfield code="a">Basiswissen Natur- und Umweltpädagogik für die sozialpädagogische Erstausbildung</subfield><subfield code="c">Herbert Österreicher</subfield></datafield><datafield tag="250" ind1=" " ind2=" "><subfield code="a">1. Aufl.</subfield></datafield><datafield tag="260" ind1="3" ind2=" "><subfield code="a">Troisdorf</subfield><subfield code="b">Bildungsverlag EINS</subfield><subfield code="c">2010</subfield></datafield><datafield tag="300" ind1=" " ind2=" "><subfield code="a">148 Seiten</subfield><subfield code="b">zahlr. Ill.</subfield><subfield code="c">240 mm x 170 mm</subfield></datafield><datafield tag="500" ind1=" " ind2=" "><subfield code="a">IMD-Felder maschinell generiert (GBV)</subfield></datafield><datafield tag="650" ind1=" " ind2="7"><subfield code="a">Kindergartenerziehung</subfield><subfield code="0">(DE-Frei129)00013266</subfield><subfield code="0">(DE-588)4130244-8</subfield><subfield code="2">gnd</subfield></datafield><datafield tag="650" ind1=" " ind2="7"><subfield code="a">Naturerlebnis</subfield><subfield code="0">(DE-Frei129)00091283</subfield><subfield code="0">(DE-588)4325735-5</subfield><subfield code="2">gnd</subfield></datafield><datafield tag="650" ind1=" " ind2="7"><subfield code="a">Umwelterziehung</subfield><subfield code="0">(DE-Frei129)00024663</subfield><subfield code="0">(DE-588)4061627-7</subfield><subfield code="2">gnd</subfield></datafield><datafield tag="689" ind1="0" ind2="0"><subfield code="0">(DE-588)4130244-8</subfield><subfield code="D">s</subfield><subfield code="a">Kindergartenerziehung </subfield></datafield><datafield tag="689" ind1="0" ind2="1"><subfield code="0">(DE-588)4325735-5</subfield><subfield code="D">s</subfield><subfield code="a">Naturerlebnis </subfield></datafield><datafield tag="689" ind1="0" ind2="2"><subfield code="0">(DE-588)4061627-7</subfield><subfield code="D">s</subfield><subfield code="a">Umwelterziehung</subfield><subfield code="5">DE-101</subfield></datafield><datafield tag="852" ind1=" " ind2=" "><subfield code="a">Frei129</subfield><subfield code="c">Bio F 630: 490 a</subfield></datafield><datafield tag="856" ind1="4" ind2=" "><subfield code="8">00</subfield><subfield code="u">http://d-nb.info/999244167/04</subfield><subfield code="y">Inhaltsverzeichnis</subfield></datafield><datafield tag="980" ind1="0" ind2=" "><subfield code="a">00204783</subfield><subfield code="9">(PHFR)</subfield><subfield code="b">UG (33)</subfield><subfield code="c">Bio F 630: 490</subfield><subfield code="d">Standardleihe (01)</subfield><subfield code="e">ausgeliehen (A) - Fälligkeitsdatum: 22.08.2022</subfield></datafield><datafield tag="980" ind1="0" ind2=" "><subfield code="a">00211374</subfield><subfield code="9">(PHFR)</subfield><subfield code="b">UG (33)</subfield><subfield code="c">Bio F 630: 490 a</subfield><subfield code="d">Standardleihe (01)</subfield><subfield code="e">Verfügbar (X)</subfield></datafield></record>