
<record><leader>05267nam a2200000uu 4500</leader><controlfield tag="001">02324363</controlfield><controlfield tag="003">DE-Frei129</controlfield><controlfield tag="005">20220811084050.0</controlfield><controlfield tag="007">tu</controlfield><controlfield tag="008">100113s2010    ||||||||||||||||||||ger||</controlfield><datafield tag="015" ind1=" " ind2=" "><subfield code="a">10,N02</subfield></datafield><datafield tag="016" ind1="7" ind2=" "><subfield code="a">999025295</subfield><subfield code="2">DE-101</subfield></datafield><datafield tag="020" ind1=" " ind2=" "><subfield code="a">9783867021036</subfield><subfield code="9">9783867021036</subfield><subfield code="c">kart. : EUR 16.90, EUR 17.40 (AT), sfr 29.90 (freier Pr.)</subfield></datafield><datafield tag="024" ind1="3" ind2=" "><subfield code="a">9783867021036</subfield></datafield><datafield tag="035" ind1=" " ind2=" "><subfield code="a">(DE-576)616410026</subfield></datafield><datafield tag="041" ind1=" " ind2=" "><subfield code="a">ger</subfield></datafield><datafield tag="044" ind1=" " ind2=" "><subfield code="c">XA-DE-NW</subfield></datafield><datafield tag="100" ind1="1" ind2=" "><subfield code="a">Salbert, Ursula</subfield><subfield code="0">(DE-Frei129)00726416</subfield><subfield code="0">(DE-588)13151542X</subfield></datafield><datafield tag="245" ind1="1" ind2="0"><subfield code="a">Ruhe-Inseln für ErzieherInnen</subfield><subfield code="b">Stressbewältigung: mehr Kraft, Gelassenheit und Wohlbefinden mit einfachen Bewegungs- und Entspannungsübungen für Menschen in erziehenden und lehrenden Berufen</subfield><subfield code="c">Ursula Salbert. Ill.: Boris Braun</subfield></datafield><datafield tag="250" ind1=" " ind2=" "><subfield code="a">1. Aufl.</subfield></datafield><datafield tag="260" ind1="3" ind2=" "><subfield code="a">Münster</subfield><subfield code="b">Ökotopia-Verl.</subfield><subfield code="c">2010</subfield></datafield><datafield tag="300" ind1=" " ind2=" "><subfield code="a">124 Seiten</subfield><subfield code="b">zahlr. Ill.</subfield><subfield code="c">255 mm x 190 mm</subfield></datafield><datafield tag="500" ind1=" " ind2=" "><subfield code="a">Literaturverz. S. 123</subfield></datafield><datafield tag="500" ind1=" " ind2=" "><subfield code="a">IMD-Felder maschinell generiert (GBV)</subfield></datafield><datafield tag="650" ind1=" " ind2="7"><subfield code="a">Pädagogischer Beruf</subfield><subfield code="0">(DE-Frei129)00015162</subfield><subfield code="0">(DE-588)4173086-0</subfield><subfield code="2">gnd</subfield></datafield><datafield tag="650" ind1=" " ind2="7"><subfield code="a">Arbeitsbelastung</subfield><subfield code="0">(DE-Frei129)00001682</subfield><subfield code="0">(DE-588)4002643-7</subfield><subfield code="2">gnd</subfield></datafield><datafield tag="650" ind1=" " ind2="7"><subfield code="a">Entspannungsübung</subfield><subfield code="0">(DE-Frei129)00007034</subfield><subfield code="0">(DE-588)4152418-4</subfield><subfield code="2">gnd</subfield></datafield><datafield tag="650" ind1=" " ind2="7"><subfield code="a">Stressbewältigung</subfield><subfield code="0">(DE-Frei129)00074283</subfield><subfield code="0">(DE-588)4202646-5</subfield><subfield code="2">gnd</subfield></datafield><datafield tag="689" ind1="0" ind2="0"><subfield code="0">(DE-588)4173086-0</subfield><subfield code="D">s</subfield><subfield code="a">Pädagogischer Beruf </subfield></datafield><datafield tag="689" ind1="0" ind2="1"><subfield code="0">(DE-588)4002643-7</subfield><subfield code="D">s</subfield><subfield code="a">Arbeitsbelastung </subfield></datafield><datafield tag="689" ind1="0" ind2="2"><subfield code="0">(DE-588)4152418-4</subfield><subfield code="D">s</subfield><subfield code="a">Entspannungsübung </subfield></datafield><datafield tag="689" ind1="0" ind2="3"><subfield code="0">(DE-588)4202646-5</subfield><subfield code="D">s</subfield><subfield code="a">Stressbewältigung</subfield><subfield code="5">DE-101</subfield></datafield><datafield tag="700" ind1="1" ind2=" "><subfield code="0">(DE-588)141076364</subfield><subfield code="0">(DE-Frei129)00798411</subfield><subfield code="a">Braun, Boris</subfield><subfield code="4">oth</subfield></datafield><datafield tag="852" ind1=" " ind2=" "><subfield code="a">Frei129</subfield><subfield code="c">Paed G 940: 131</subfield></datafield><datafield tag="856" ind1="4" ind2=" "><subfield code="8">00</subfield><subfield code="u">http://www.socialnet.de/rezensionen/isbn.php?isbn=978-3-86702-103-6</subfield><subfield code="y">Rezension</subfield></datafield><datafield tag="856" ind1="4" ind2=" "><subfield code="8">01</subfield><subfield code="u">http://d-nb.info/999025295/04</subfield><subfield code="y">Verlagsinformation</subfield></datafield><datafield tag="856" ind1="4" ind2=" "><subfield code="8">02</subfield><subfield code="u">http://d-nb.info/999025295/04</subfield><subfield code="y">Inhaltsverzeichnis</subfield></datafield><datafield tag="980" ind1="0" ind2=" "><subfield code="a">00217154</subfield><subfield code="9">(PHFR)</subfield><subfield code="b">EG-Anbau (32)</subfield><subfield code="c">Paed G 940: 131</subfield><subfield code="d">Standardleihe (01)</subfield><subfield code="e">Verfügbar (X)</subfield></datafield></record>