
<record><leader>04988nam a2200000uu 4500</leader><controlfield tag="001">02324035</controlfield><controlfield tag="003">DE-Frei129</controlfield><controlfield tag="005">20220811084050.0</controlfield><controlfield tag="007">tu</controlfield><controlfield tag="008">100203s2010    ||||||||||||||||||||ger||</controlfield><datafield tag="015" ind1=" " ind2=" "><subfield code="a">10,A06</subfield></datafield><datafield tag="016" ind1="7" ind2=" "><subfield code="a">999159089</subfield><subfield code="2">DE-101</subfield></datafield><datafield tag="020" ind1=" " ind2=" "><subfield code="a">9783800169283</subfield><subfield code="9">9783800169283</subfield><subfield code="c">Pp. : EUR 8.95 (DE), EUR 9.20 (AT), sfr 16.50 (freier Pr.)</subfield></datafield><datafield tag="024" ind1="3" ind2=" "><subfield code="a">9783800169283</subfield></datafield><datafield tag="035" ind1=" " ind2=" "><subfield code="a">(DE-576)617890668</subfield></datafield><datafield tag="041" ind1=" " ind2=" "><subfield code="a">ger</subfield></datafield><datafield tag="044" ind1=" " ind2=" "><subfield code="c">XA-DE-BW</subfield></datafield><datafield tag="100" ind1="1" ind2=" "><subfield code="a">Gans, Heinz K.</subfield><subfield code="0">(DE-Frei129)00633814</subfield></datafield><datafield tag="245" ind1="1" ind2="0"><subfield code="a">Konservieren</subfield><subfield code="b">alles über die perfekte Vorratshaltung ; [richtig lagern, einlegen, einkochen, dörren, räuchern und vieles mehr ; haltbar, gesund, köstlich]</subfield><subfield code="c">Heinz K. Gans</subfield></datafield><datafield tag="246" ind1="1" ind2="0"><subfield code="a">Rund ums Jahr konservieren</subfield></datafield><datafield tag="246" ind1="1" ind2="3"><subfield code="a">Nebent.: Rund ums Jahr konservieren</subfield></datafield><datafield tag="246" ind1="1" ind2="3"><subfield code="a">Parallelt.: Rund ums Jahr konservieren: richtig lagern, einlegen, einkochen, dörren, räuchern und vieles mehr; haltbar, gesund, köstlich</subfield></datafield><datafield tag="250" ind1=" " ind2=" "><subfield code="a">Sonderausg.</subfield></datafield><datafield tag="260" ind1="3" ind2=" "><subfield code="a">Stuttgart (Hohenheim)</subfield><subfield code="b">Ulmer</subfield><subfield code="c">2010</subfield></datafield><datafield tag="300" ind1=" " ind2=" "><subfield code="a">221 Seiten</subfield><subfield code="b">zahlr. Ill</subfield><subfield code="c">27 cm</subfield></datafield><datafield tag="500" ind1=" " ind2=" "><subfield code="a">Literaturangaben</subfield></datafield><datafield tag="500" ind1=" " ind2=" "><subfield code="a">IMD-Felder maschinell generiert (GBV)</subfield></datafield><datafield tag="500" ind1=" " ind2=" "><subfield code="a">Archivierung/Langzeitarchivierung gewährleistet</subfield></datafield><datafield tag="650" ind1=" " ind2="7"><subfield code="a">Lebensmittel</subfield><subfield code="0">(DE-Frei129)00007235</subfield><subfield code="0">(DE-588)4034870-2</subfield><subfield code="2">gnd</subfield></datafield><datafield tag="650" ind1=" " ind2="7"><subfield code="a">Konservierung</subfield><subfield code="0">(DE-Frei129)00036558</subfield><subfield code="0">(DE-588)4114279-2</subfield><subfield code="2">gnd</subfield></datafield><datafield tag="689" ind1="0" ind2="0"><subfield code="0">(DE-588)4034870-2</subfield><subfield code="D">s</subfield><subfield code="a">Lebensmittel </subfield></datafield><datafield tag="689" ind1="0" ind2="1"><subfield code="0">(DE-588)4114279-2</subfield><subfield code="D">s</subfield><subfield code="a">Konservierung</subfield><subfield code="5">DE-101</subfield></datafield><datafield tag="852" ind1=" " ind2=" "><subfield code="a">Frei 129</subfield><subfield code="b">PHFR</subfield><subfield code="c">ZE 60000 G199 (N)</subfield></datafield><datafield tag="856" ind1="4" ind2=" "><subfield code="8">00</subfield><subfield code="u">http://d-nb.info/999159089/04</subfield><subfield code="y">Kurzbeschreibung des Verlags</subfield></datafield><datafield tag="856" ind1="4" ind2=" "><subfield code="8">01</subfield><subfield code="u">http://deposit.d-nb.de/cgi-bin/dokserv?id=3405159&amp;prov=M&amp;dok_var=1&amp;dok_ext=htm</subfield><subfield code="y">Verlagsinformation</subfield></datafield><datafield tag="856" ind1="4" ind2=" "><subfield code="8">02</subfield><subfield code="u">http://deposit.d-nb.de/cgi-bin/dokserv?id=3405159&amp;prov=M&amp;dok_var=1&amp;dok_ext=htm</subfield><subfield code="y">Inhaltstext</subfield></datafield><datafield tag="856" ind1="4" ind2=" "><subfield code="8">03</subfield><subfield code="u">http://d-nb.info/999159089/04</subfield><subfield code="y">Verlagsinformation</subfield></datafield><datafield tag="980" ind1="0" ind2=" "><subfield code="a">00212471</subfield><subfield code="9">(PHFR)</subfield><subfield code="b">3.OG (37)</subfield><subfield code="c">ZE 60000 G199 (N)</subfield><subfield code="d">Standardleihe (01)</subfield><subfield code="e">Verfügbar (X)</subfield></datafield></record>