
<record><leader>05151nam a2200000uu 4500</leader><controlfield tag="001">02324015</controlfield><controlfield tag="003">DE-Frei129</controlfield><controlfield tag="005">20220811084050.0</controlfield><controlfield tag="007">tu</controlfield><controlfield tag="008">090401s2010    ||||||||||||||||||||ger||</controlfield><datafield tag="015" ind1=" " ind2=" "><subfield code="a">10,A02</subfield></datafield><datafield tag="016" ind1="7" ind2=" "><subfield code="a">993367674</subfield><subfield code="2">DE-101</subfield></datafield><datafield tag="020" ind1=" " ind2=" "><subfield code="a">9783827244710</subfield><subfield code="9">9783827244710</subfield><subfield code="c">kart. : EUR 29.95 (DE), EUR 30.80 (AT), sfr 51.50 (freier Pr.)</subfield></datafield><datafield tag="024" ind1="3" ind2=" "><subfield code="a">9783827244710</subfield></datafield><datafield tag="035" ind1=" " ind2=" "><subfield code="a">(DE-576)595550290</subfield></datafield><datafield tag="041" ind1=" " ind2=" "><subfield code="a">ger</subfield><subfield code="h">eng</subfield></datafield><datafield tag="044" ind1=" " ind2=" "><subfield code="c">XA-DE-BY</subfield></datafield><datafield tag="100" ind1="1" ind2=" "><subfield code="a">Freeman, Michael</subfield><subfield code="0">(DE-Frei129)00435960</subfield><subfield code="0">(DE-588)110050215</subfield></datafield><datafield tag="245" ind1="1" ind2="0"><subfield code="a">Schwarzweiß-Fotografie</subfield><subfield code="b">Ihr Weg zu überzeugenden Bildern</subfield><subfield code="c">Michael Freeman. [Übers.: Mike Schelhorn]</subfield></datafield><datafield tag="246" ind1="1" ind2="3"><subfield code="a">The complete guide to black &amp; white digital photography</subfield></datafield><datafield tag="260" ind1="3" ind2=" "><subfield code="a">München</subfield><subfield code="b">Markt-&amp;-Technik-Verl.</subfield><subfield code="c">2010</subfield></datafield><datafield tag="300" ind1=" " ind2=" "><subfield code="a">223 Seiten</subfield><subfield code="b">zahlr. Ill</subfield><subfield code="c">26 cm</subfield></datafield><datafield tag="500" ind1=" " ind2=" "><subfield code="a">IMD-Felder maschinell generiert (GBV)</subfield></datafield><datafield tag="520" ind1=" " ind2=" "><subfield code="a">Der Autor und Fotograf Freeman wurde hier schon oft mit Lorbeeren bedacht, seine Art und Fähigkeit, auch komplexe fotografische Sachverhalte anschaulich zu vermitteln ist überzeugend. Das ist bei diesem anspruchsvollen Fachwerk zur Umwandlung digitaler Farbbilder ins Monochrome nicht anders. Freeman hat den weit fortgeschrittenen Amateur und Profi im Auge und liefert eine fundamentale Schule der Schwarz-Weiss-Fotografie: Traditionelle Grundlagen, hochwertige digitale Bearbeitungsverfahren und in einem 3. Schritt die gestalterischen Möglichkeiten und Vorteile der Schwarz-Weiss-Technik (wobei er durchaus die &quot;analogen&quot; Altmeister heranzieht). Das Thema ist angesagt, nie war es leichter, ausgezeichnete Schwarz-Weiss-Fotografien zu generieren. Daher liegen auch bereits aktuelle Titel zum Thema in guter Auswahl vor: Torsten Hoffmann (BA 7/08) ist für mich weiter 1. Wahl, J. Beardsworth (BA 10/08) hat den Schwerpunkt eher auf Technik und differenzierter Bildverarbeitung, &quot;Schwarz-Weiss-Fotografie digital&quot; (ID 31/06) ist nicht mehr taufrisch, aber ebenfalls vergleichbar. Bei weiterem Bedarf empfohlen. (2)</subfield></datafield><datafield tag="650" ind1=" " ind2="7"><subfield code="a">Schwarzweißfotografie</subfield><subfield code="0">(DE-Frei129)00039264</subfield><subfield code="0">(DE-588)4121634-9</subfield><subfield code="2">gnd</subfield></datafield><datafield tag="650" ind1=" " ind2="7"><subfield code="a">Digitale Fotografie</subfield><subfield code="0">(DE-Frei129)00019034</subfield><subfield code="0">(DE-588)4763160-0</subfield><subfield code="2">gnd</subfield></datafield><datafield tag="689" ind1="0" ind2="0"><subfield code="0">(DE-588)4121634-9</subfield><subfield code="D">s</subfield><subfield code="a">Schwarzweißfotografie </subfield></datafield><datafield tag="689" ind1="0" ind2="1"><subfield code="0">(DE-588)4763160-0</subfield><subfield code="D">s</subfield><subfield code="a">Digitale Fotografie</subfield><subfield code="5">DE-101</subfield></datafield><datafield tag="852" ind1=" " ind2=" "><subfield code="a">Frei 129</subfield><subfield code="b">PHFR</subfield><subfield code="c">AP 96550 F855</subfield></datafield><datafield tag="856" ind1="4" ind2=" "><subfield code="8">00</subfield><subfield code="u">http://d-nb.info/993367674/04</subfield><subfield code="y">Kurzbeschreibung des Verlags</subfield></datafield><datafield tag="856" ind1="4" ind2=" "><subfield code="8">01</subfield><subfield code="u">http://swbplus.bsz-bw.de/bsz318178265cov.htm</subfield><subfield code="y">Verlagsinformation</subfield></datafield><datafield tag="980" ind1="0" ind2=" "><subfield code="a">00209096</subfield><subfield code="9">(PHFR)</subfield><subfield code="b">UG (33)</subfield><subfield code="c">AP 96550 F855</subfield><subfield code="d">Standardleihe (01)</subfield><subfield code="e">Verfügbar (X)</subfield></datafield></record>