
<record><leader>02199nam a2200000uuc4500</leader><controlfield tag="001">02323911</controlfield><controlfield tag="003">DE-Frei129</controlfield><controlfield tag="005">20220811084050.0</controlfield><controlfield tag="007">tu</controlfield><controlfield tag="008">100202s2010    ||||||||||||||||||||ger||</controlfield><datafield tag="020" ind1=" " ind2=" "><subfield code="a">9783126755795</subfield><subfield code="9">9783126755795</subfield></datafield><datafield tag="024" ind1="3" ind2=" "><subfield code="a">9783126755795</subfield></datafield><datafield tag="035" ind1=" " ind2=" "><subfield code="a">(DE-576)1387935534</subfield></datafield><datafield tag="041" ind1=" " ind2=" "><subfield code="a">ger</subfield></datafield><datafield tag="245" ind1="1" ind2="0"><subfield code="a">So geht&apos;s noch besser</subfield><subfield code="b">Fertigkeitentraining Deutsch als Fremdsprache A2 - B1</subfield><subfield code="n">Lehrerhandbuch</subfield><subfield code="p">Lehrerhandbuch</subfield><subfield code="c">Anni Fischer-Mitziviris; Sylvia Janke-Papanikolaou</subfield></datafield><datafield tag="250" ind1=" " ind2=" "><subfield code="a">1. Aufl.</subfield></datafield><datafield tag="260" ind1="3" ind2=" "><subfield code="a">Stuttgart</subfield><subfield code="b">Klett</subfield><subfield code="c">2010</subfield></datafield><datafield tag="300" ind1=" " ind2=" "><subfield code="a">64 Seiten</subfield></datafield><datafield tag="500" ind1=" " ind2=" "><subfield code="a">Archivierung/Langzeitarchivierung gewährleistet</subfield></datafield><datafield tag="773" ind1="0" ind2="8"><subfield code="w">(DE-Frei129)02323910</subfield><subfield code="q">LEHR</subfield></datafield><datafield tag="852" ind1=" " ind2=" "><subfield code="a">Frei 129</subfield><subfield code="b">PHFR</subfield><subfield code="c">GB 3044 S677 L</subfield></datafield><datafield tag="980" ind1="0" ind2=" "><subfield code="a">00287143</subfield><subfield code="9">(PHFR)</subfield><subfield code="b">Handbibliothek (50)</subfield><subfield code="c">Deu S 130: 39 L</subfield><subfield code="d">Handbibliothek - nie verleihbar (54)</subfield><subfield code="e">Verfügbar (X)</subfield></datafield></record>