
<record><leader>01957nam a2200000uuc4500</leader><controlfield tag="001">02323724</controlfield><controlfield tag="003">DE-Frei129</controlfield><controlfield tag="005">20220811084051.0</controlfield><controlfield tag="007">tu</controlfield><controlfield tag="008">100125s2010    ||||||||||||||||||||fre||</controlfield><datafield tag="020" ind1=" " ind2=" "><subfield code="a">9782753301016</subfield><subfield code="9">978-2-7533-0101-6</subfield></datafield><datafield tag="035" ind1=" " ind2=" "><subfield code="a">(DE-576)138639842X</subfield></datafield><datafield tag="041" ind1=" " ind2=" "><subfield code="a">fre</subfield></datafield><datafield tag="245" ind1="1" ind2="0"><subfield code="a">Diderot, le génie débraillé</subfield><subfield code="n">2</subfield><subfield code="p">Les encyclopédistes : 1749 - 1784 / Sophie Chauveau</subfield><subfield code="c">Sophie Chauveau</subfield></datafield><datafield tag="260" ind1="3" ind2=" "><subfield code="a">Paris</subfield><subfield code="b">Télémaque</subfield><subfield code="c">2010</subfield></datafield><datafield tag="300" ind1=" " ind2=" "><subfield code="a">317  Seiten</subfield></datafield><datafield tag="700" ind1="1" ind2=" "><subfield code="0">(DE-Frei129)00791131</subfield><subfield code="a">Chauveau, Sophie</subfield><subfield code="4">aut</subfield></datafield><datafield tag="773" ind1="0" ind2="8"><subfield code="w">(DE-Frei129)02323720</subfield><subfield code="q">12</subfield></datafield><datafield tag="852" ind1=" " ind2=" "><subfield code="a">Frei 129</subfield><subfield code="b">PHFR</subfield><subfield code="c">IG 2255 C511 -2</subfield></datafield><datafield tag="980" ind1="0" ind2=" "><subfield code="a">00209080</subfield><subfield code="9">(PHFR)</subfield><subfield code="b">2.OG (35)</subfield><subfield code="c">IG 2255 C511 -2</subfield><subfield code="d">Standardleihe (01)</subfield><subfield code="e">Verfügbar (X)</subfield></datafield></record>