
<record><leader>03656nam a2200000uu 4500</leader><controlfield tag="001">02323714</controlfield><controlfield tag="003">DE-Frei129</controlfield><controlfield tag="005">20220811084051.0</controlfield><controlfield tag="007">tu</controlfield><controlfield tag="008">100505s2010    ||||||||||||||||||||ger||</controlfield><datafield tag="015" ind1=" " ind2=" "><subfield code="a">10,A18</subfield></datafield><datafield tag="015" ind1=" " ind2=" "><subfield code="a">09,N51,0801</subfield></datafield><datafield tag="016" ind1="7" ind2=" "><subfield code="a">998541192</subfield><subfield code="2">DE-101</subfield></datafield><datafield tag="020" ind1=" " ind2=" "><subfield code="a">9783406602610</subfield><subfield code="9">9783406602610</subfield><subfield code="c">kart. : EUR 6.80, ca. sfr 12.90 (freier Pr.)</subfield></datafield><datafield tag="024" ind1="3" ind2=" "><subfield code="a">9783406602610</subfield></datafield><datafield tag="035" ind1=" " ind2=" "><subfield code="a">(DE-576)625390075</subfield></datafield><datafield tag="041" ind1=" " ind2=" "><subfield code="a">ger</subfield></datafield><datafield tag="044" ind1=" " ind2=" "><subfield code="c">XA-DE-BY</subfield></datafield><datafield tag="100" ind1="1" ind2=" "><subfield code="a">Kleine, Julia</subfield><subfield code="0">(DE-Frei129)00812203</subfield><subfield code="0">(DE-588)140870199</subfield></datafield><datafield tag="245" ind1="1" ind2="4"><subfield code="a">Das Vorstellungsgespräch</subfield><subfield code="b">präsentieren Sie sich souverän und erfolgreich</subfield><subfield code="c">Julia Kleine; Ulrike Heitze</subfield></datafield><datafield tag="260" ind1="3" ind2=" "><subfield code="a">München</subfield><subfield code="b">Beck</subfield><subfield code="c">2010</subfield></datafield><datafield tag="300" ind1=" " ind2=" "><subfield code="a">127 Seiten</subfield><subfield code="c">16 cm</subfield></datafield><datafield tag="490" ind1="0" ind2=" "><subfield code="a">Beck kompakt</subfield></datafield><datafield tag="500" ind1=" " ind2=" "><subfield code="a">IMD-Felder maschinell generiert (GBV)</subfield></datafield><datafield tag="650" ind1=" " ind2="7"><subfield code="a">Vorstellungsgespräch</subfield><subfield code="0">(DE-Frei129)00037760</subfield><subfield code="0">(DE-588)4117406-9</subfield><subfield code="2">gnd</subfield></datafield><datafield tag="689" ind1="0" ind2="0"><subfield code="0">(DE-588)4117406-9</subfield><subfield code="D">s</subfield><subfield code="a">Vorstellungsgespräch</subfield><subfield code="5">DE-101</subfield></datafield><datafield tag="700" ind1="1" ind2=" "><subfield code="0">(DE-588)14087030X</subfield><subfield code="0">(DE-Frei129)00812202</subfield><subfield code="a">Heitze, Ulrike</subfield><subfield code="4">aut</subfield></datafield><datafield tag="852" ind1=" " ind2=" "><subfield code="a">Frei 129</subfield><subfield code="b">PHFR</subfield><subfield code="c">QB 200 K64</subfield></datafield><datafield tag="856" ind1="4" ind2=" "><subfield code="8">00</subfield><subfield code="u">http://d-nb.info/998541192/04</subfield><subfield code="y">Kurzbeschreibung des Verlags</subfield></datafield><datafield tag="856" ind1="4" ind2=" "><subfield code="8">01</subfield><subfield code="u">http://d-nb.info/998541192/04</subfield><subfield code="y">Verlagsinformation</subfield></datafield><datafield tag="980" ind1="0" ind2=" "><subfield code="a">00212595</subfield><subfield code="9">(PHFR)</subfield><subfield code="b">UG (33)</subfield><subfield code="c">QB 200 K64</subfield><subfield code="d">Standardleihe (01)</subfield><subfield code="e">Verfügbar (X)</subfield></datafield></record>