
<record><leader>04455nam a2200000uu 4500</leader><controlfield tag="001">02323600</controlfield><controlfield tag="003">DE-Frei129</controlfield><controlfield tag="005">20220811084051.0</controlfield><controlfield tag="007">tu</controlfield><controlfield tag="008">091209s2010    ||||||||||||||||||||ger||</controlfield><datafield tag="020" ind1=" " ind2=" "><subfield code="a">345132315X</subfield><subfield code="9">345132315X</subfield><subfield code="c">PB. : EUR 14.95, ca. EUR 15.40 (AT), ca. sfr 26.50 (freier Pr.)</subfield></datafield><datafield tag="020" ind1=" " ind2=" "><subfield code="a">9783451323157</subfield><subfield code="9">9783451323157</subfield><subfield code="c">: PB. : EUR 14.95, ca. EUR 15.40 (AT), ca. sfr 26.50 (freier Pr.)</subfield></datafield><datafield tag="035" ind1=" " ind2=" "><subfield code="a">(DE-576)614687535</subfield></datafield><datafield tag="041" ind1=" " ind2=" "><subfield code="a">ger</subfield></datafield><datafield tag="044" ind1=" " ind2=" "><subfield code="c">XA-DE-BW</subfield></datafield><datafield tag="100" ind1="1" ind2=" "><subfield code="a">Biermann, Ingrid</subfield><subfield code="0">(DE-Frei129)00005000</subfield><subfield code="0">(DE-588)121003108</subfield><subfield code="4">aut</subfield></datafield><datafield tag="245" ind1="1" ind2="0"><subfield code="a">Sommerzeit mit Klara und den Mäusen</subfield><subfield code="b">Sommer im Kindergarten erleben</subfield><subfield code="c">Ingrid Biermann</subfield></datafield><datafield tag="250" ind1=" " ind2=" "><subfield code="a">1. Aufl. der Neuausg., (3. Gesamtaufl.)</subfield></datafield><datafield tag="260" ind1="3" ind2=" "><subfield code="a">Freiburg ; Basel ; Wien</subfield><subfield code="b">Herder</subfield><subfield code="c">2010</subfield></datafield><datafield tag="300" ind1=" " ind2=" "><subfield code="a">128 Seiten</subfield><subfield code="b">Ill.</subfield><subfield code="c">230 mm x 168 mm</subfield></datafield><datafield tag="500" ind1=" " ind2=" "><subfield code="a">IMD-Felder maschinell generiert (GBV)</subfield></datafield><datafield tag="500" ind1=" " ind2=" "><subfield code="a">Archivierung/Langzeitarchivierung gewährleistet</subfield></datafield><datafield tag="650" ind1=" " ind2="7"><subfield code="a">Sommer</subfield><subfield code="0">(DE-Frei129)00050175</subfield><subfield code="0">(DE-588)4136980-4</subfield><subfield code="2">gnd</subfield></datafield><datafield tag="650" ind1=" " ind2="7"><subfield code="a">Kindergarten</subfield><subfield code="0">(DE-Frei129)00013265</subfield><subfield code="0">(DE-588)4030581-8</subfield><subfield code="2">gnd</subfield></datafield><datafield tag="650" ind1=" " ind2="7"><subfield code="a">Kindertagesstätte</subfield><subfield code="0">(DE-Frei129)00011424</subfield><subfield code="0">(DE-588)4030638-0</subfield><subfield code="2">gnd</subfield></datafield><datafield tag="689" ind1="0" ind2="0"><subfield code="0">(DE-588)4136980-4</subfield><subfield code="D">s</subfield><subfield code="a">Sommer </subfield></datafield><datafield tag="689" ind1="0" ind2="1"><subfield code="0">(DE-588)4030581-8</subfield><subfield code="D">s</subfield><subfield code="a">Kindergarten</subfield><subfield code="5">DE-101</subfield></datafield><datafield tag="689" ind1="1" ind2="0"><subfield code="0">(DE-588)4136980-4</subfield><subfield code="D">s</subfield><subfield code="a">Sommer </subfield></datafield><datafield tag="689" ind1="1" ind2="1"><subfield code="0">(DE-588)4030638-0</subfield><subfield code="D">s</subfield><subfield code="a">Kindertagesstätte</subfield><subfield code="5">DE-101</subfield></datafield><datafield tag="852" ind1=" " ind2=" "><subfield code="a">Frei129</subfield><subfield code="c">Paed G 680: 104</subfield></datafield><datafield tag="856" ind1="4" ind2=" "><subfield code="8">00</subfield><subfield code="u">http://d-nb.info/998575860/04</subfield><subfield code="y">Inhaltsverzeichnis</subfield></datafield><datafield tag="856" ind1="4" ind2=" "><subfield code="8">01</subfield><subfield code="u">http://d-nb.info/998575860/04</subfield><subfield code="y">Verlagsinformation</subfield></datafield><datafield tag="980" ind1="0" ind2=" "><subfield code="a">00203934</subfield><subfield code="9">(PHFR)</subfield><subfield code="b">EG-Anbau (32)</subfield><subfield code="c">Paed G 680: 104</subfield><subfield code="d">Standardleihe (01)</subfield><subfield code="e">Verfügbar (X)</subfield></datafield></record>