
<record><leader>04635nam a2200000uu 4500</leader><controlfield tag="001">02323599</controlfield><controlfield tag="003">DE-Frei129</controlfield><controlfield tag="005">20220811084051.0</controlfield><controlfield tag="007">tu</controlfield><controlfield tag="008">091209s2010    ||||||||||||||||||||ger||</controlfield><datafield tag="015" ind1=" " ind2=" "><subfield code="a">09,N51,1051</subfield></datafield><datafield tag="016" ind1="7" ind2=" "><subfield code="a">998575941</subfield><subfield code="2">DE-101</subfield></datafield><datafield tag="020" ind1=" " ind2=" "><subfield code="a">9783451323300</subfield><subfield code="9">9783451323300</subfield><subfield code="c">PB. : ca. EUR 16.95, ca. EUR 17.50 (AT), ca. sfr 29.50 (freier Pr.)</subfield></datafield><datafield tag="024" ind1="3" ind2=" "><subfield code="a">9783451323300</subfield></datafield><datafield tag="035" ind1=" " ind2=" "><subfield code="a">(DE-576)614687616</subfield></datafield><datafield tag="041" ind1=" " ind2=" "><subfield code="a">ger</subfield></datafield><datafield tag="044" ind1=" " ind2=" "><subfield code="c">XA-DE-BW</subfield><subfield code="c">XA-CH</subfield><subfield code="c">XA-AT</subfield></datafield><datafield tag="100" ind1="1" ind2=" "><subfield code="a">Wessel, Mechthild</subfield><subfield code="0">(DE-Frei129)00255416</subfield><subfield code="0">(DE-588)122461746</subfield></datafield><datafield tag="245" ind1="1" ind2="4"><subfield code="a">Das Kindergartenspielebuch</subfield><subfield code="b">die schönsten Spiele aus alter und neuer Zeit</subfield><subfield code="c">Mechthild Messel ; Brigitte vom Wege</subfield></datafield><datafield tag="260" ind1="3" ind2=" "><subfield code="a">Freiburg ; Basel ; Wien</subfield><subfield code="b">Herder</subfield><subfield code="c">2010</subfield></datafield><datafield tag="300" ind1=" " ind2=" "><subfield code="a">160 Seiten</subfield><subfield code="b">Ill., Noten</subfield><subfield code="c">23 cm</subfield></datafield><datafield tag="500" ind1=" " ind2=" "><subfield code="a">IMD-Felder maschinell generiert (GBV)</subfield></datafield><datafield tag="500" ind1=" " ind2=" "><subfield code="a">Archivierung/Langzeitarchivierung gewährleistet</subfield></datafield><datafield tag="520" ind1=" " ind2=" "><subfield code="a">Eine Sammlung alter und neuer Spiele für Kindergarten und Spielgruppen, wie Spiele zum Kennenlernen oder Entspannen, Bewegungsspiele und Sinnesübungen und Spielreime und -geschichten</subfield></datafield><datafield tag="650" ind1=" " ind2="7"><subfield code="a">Bewegungsspiel</subfield><subfield code="0">(DE-Frei129)00003703</subfield><subfield code="0">(DE-588)4006323-9</subfield><subfield code="2">gnd</subfield></datafield><datafield tag="650" ind1=" " ind2="7"><subfield code="a">Vorschulerziehung</subfield><subfield code="0">(DE-Frei129)00025677</subfield><subfield code="0">(DE-588)4064016-4</subfield><subfield code="2">gnd</subfield></datafield><datafield tag="689" ind1="0" ind2="0"><subfield code="0">(DE-588)4006323-9</subfield><subfield code="D">s</subfield><subfield code="a">Bewegungsspiel </subfield></datafield><datafield tag="689" ind1="0" ind2="1"><subfield code="0">(DE-588)4064016-4</subfield><subfield code="D">s</subfield><subfield code="a">Vorschulerziehung</subfield><subfield code="5">DE-101</subfield></datafield><datafield tag="700" ind1="1" ind2=" "><subfield code="0">(DE-588)122461711</subfield><subfield code="0">(DE-Frei129)00255415</subfield><subfield code="a">Vom Wege, Brigitte</subfield><subfield code="4">aut</subfield></datafield><datafield tag="700" ind1="1" ind2=" "><subfield code="0">(DE-588)115492410</subfield><subfield code="0">(DE-Frei129)00074936</subfield><subfield code="a">Kersten, Detlef</subfield><subfield code="4">oth</subfield></datafield><datafield tag="852" ind1=" " ind2=" "><subfield code="a">Frei129</subfield><subfield code="c">Paed G 680: 103</subfield></datafield><datafield tag="856" ind1="4" ind2=" "><subfield code="8">00</subfield><subfield code="u">http://d-nb.info/998575941/04</subfield><subfield code="y">Kurzbeschreibung des Verlags</subfield></datafield><datafield tag="856" ind1="4" ind2=" "><subfield code="8">01</subfield><subfield code="u">http://d-nb.info/998575941/04</subfield><subfield code="y">Verlagsinformation</subfield></datafield><datafield tag="980" ind1="0" ind2=" "><subfield code="a">00203933</subfield><subfield code="9">(PHFR)</subfield><subfield code="b">EG-Anbau (32)</subfield><subfield code="c">Paed G 680: 103</subfield><subfield code="d">Standardleihe (01)</subfield><subfield code="e">Verfügbar (X)</subfield></datafield></record>