
<record><leader>06101nam a2200000uu 4500</leader><controlfield tag="001">02323595</controlfield><controlfield tag="003">DE-Frei129</controlfield><controlfield tag="005">20220811084051.0</controlfield><controlfield tag="007">tu</controlfield><controlfield tag="008">091209s2010    ||||||||||||||||||||ger||</controlfield><datafield tag="015" ind1=" " ind2=" "><subfield code="a">09,N51,1056</subfield></datafield><datafield tag="016" ind1="7" ind2=" "><subfield code="a">99857578X</subfield><subfield code="2">DE-101</subfield></datafield><datafield tag="020" ind1=" " ind2=" "><subfield code="a">9783451322983</subfield><subfield code="9">9783451322983</subfield><subfield code="c">PB. : ca. EUR 12.95, ca. EUR 13.40 (AT), ca. sfr 22.90 (freier Pr.)</subfield></datafield><datafield tag="024" ind1="3" ind2=" "><subfield code="a">9783451322983</subfield></datafield><datafield tag="035" ind1=" " ind2=" "><subfield code="a">(DE-576)614687454</subfield></datafield><datafield tag="041" ind1=" " ind2=" "><subfield code="a">ger</subfield></datafield><datafield tag="044" ind1=" " ind2=" "><subfield code="c">XA-DE-BW</subfield></datafield><datafield tag="100" ind1="1" ind2=" "><subfield code="a">Wilmes-Mielenhausen, Brigitte</subfield><subfield code="0">(DE-Frei129)00110163</subfield><subfield code="0">(DE-588)120563134</subfield><subfield code="4">aut</subfield></datafield><datafield tag="245" ind1="1" ind2="0"><subfield code="a">Mut-mach-Spiele für Kita, Hort und Schule</subfield><subfield code="b">Stärken entdecken - selbstsicher werden</subfield><subfield code="c">Brigitte Wilmes-Mielenhausen. Ill. von Klaus Puth</subfield></datafield><datafield tag="250" ind1=" " ind2=" "><subfield code="a">1. Aufl.</subfield></datafield><datafield tag="260" ind1="3" ind2=" "><subfield code="a">Freiburg ; Basel ; Wien</subfield><subfield code="b">Herder</subfield><subfield code="c">2010</subfield></datafield><datafield tag="300" ind1=" " ind2=" "><subfield code="a">96 Seiten</subfield><subfield code="b">Ill.</subfield><subfield code="c">230 mm x 168 mm</subfield></datafield><datafield tag="500" ind1=" " ind2=" "><subfield code="a">IMD-Felder maschinell generiert (GBV)</subfield></datafield><datafield tag="500" ind1=" " ind2=" "><subfield code="a">Archivierung/Langzeitarchivierung gewährleistet</subfield></datafield><datafield tag="520" ind1=" " ind2=" "><subfield code="a">Spielideen zur Unterstützung von Kindergarten- und Grundschulkindern in der Entwicklung von Vertrauen und Selbstbewusstsein</subfield></datafield><datafield tag="650" ind1=" " ind2="7"><subfield code="a">Selbstbewusstsein</subfield><subfield code="0">(DE-Frei129)00021957</subfield><subfield code="0">(DE-588)4054392-4</subfield><subfield code="2">gnd</subfield></datafield><datafield tag="650" ind1=" " ind2="7"><subfield code="a">Kinderspiel</subfield><subfield code="0">(DE-Frei129)00029848</subfield><subfield code="0">(DE-588)4073413-4</subfield><subfield code="2">gnd</subfield></datafield><datafield tag="650" ind1=" " ind2="7"><subfield code="a">Kindergartenerziehung</subfield><subfield code="0">(DE-Frei129)00013266</subfield><subfield code="0">(DE-588)4130244-8</subfield><subfield code="2">gnd</subfield></datafield><datafield tag="650" ind1=" " ind2="7"><subfield code="a">Grundschule</subfield><subfield code="0">(DE-Frei129)00010240</subfield><subfield code="0">(DE-588)4022349-8</subfield><subfield code="2">gnd</subfield></datafield><datafield tag="689" ind1="0" ind2="0"><subfield code="0">(DE-588)4054392-4</subfield><subfield code="D">s</subfield><subfield code="a">Selbstbewusstsein </subfield></datafield><datafield tag="689" ind1="0" ind2="1"><subfield code="0">(DE-588)4073413-4</subfield><subfield code="D">s</subfield><subfield code="a">Kinderspiel </subfield></datafield><datafield tag="689" ind1="0" ind2="2"><subfield code="0">(DE-588)4130244-8</subfield><subfield code="D">s</subfield><subfield code="a">Kindergartenerziehung</subfield><subfield code="5">DE-101</subfield></datafield><datafield tag="689" ind1="1" ind2="0"><subfield code="0">(DE-588)4054392-4</subfield><subfield code="D">s</subfield><subfield code="a">Selbstbewusstsein </subfield></datafield><datafield tag="689" ind1="1" ind2="1"><subfield code="0">(DE-588)4073413-4</subfield><subfield code="D">s</subfield><subfield code="a">Kinderspiel </subfield></datafield><datafield tag="689" ind1="1" ind2="2"><subfield code="0">(DE-588)4022349-8</subfield><subfield code="D">s</subfield><subfield code="a">Grundschule</subfield><subfield code="5">DE-101</subfield></datafield><datafield tag="700" ind1="1" ind2=" "><subfield code="0">(DE-588)122762975</subfield><subfield code="0">(DE-Frei129)03004159</subfield><subfield code="a">Puth, Klaus</subfield><subfield code="4">oth</subfield></datafield><datafield tag="852" ind1=" " ind2=" "><subfield code="a">Frei129</subfield><subfield code="c">Paed B 980: 239</subfield></datafield><datafield tag="856" ind1="4" ind2=" "><subfield code="8">00</subfield><subfield code="u">http://d-nb.info/99857578X/04</subfield><subfield code="y">Inhaltsverzeichnis</subfield></datafield><datafield tag="856" ind1="4" ind2=" "><subfield code="8">01</subfield><subfield code="u">http://d-nb.info/99857578X/04</subfield><subfield code="y">Verlagsinformation</subfield></datafield><datafield tag="856" ind1="4" ind2=" "><subfield code="8">02</subfield><subfield code="u">http://d-nb.info/99857578X/04</subfield><subfield code="y">Inhaltsverzeichnis</subfield></datafield><datafield tag="980" ind1="0" ind2=" "><subfield code="a">00203861</subfield><subfield code="9">(PHFR)</subfield><subfield code="b">EG-Anbau (32)</subfield><subfield code="c">Paed B 980: 239</subfield><subfield code="d">Standardleihe (01)</subfield><subfield code="e">Verfügbar (X)</subfield></datafield><datafield tag="980" ind1="0" ind2=" "><subfield code="a">00377541</subfield><subfield code="9">(PHFR)</subfield><subfield code="b">EG-Anbau (32)</subfield><subfield code="c">Paed B 980: 239 a</subfield><subfield code="d">Standardleihe (01)</subfield><subfield code="e">Verfügbar (X)</subfield></datafield></record>