
<record><leader>03151nam a2200000uu 4500</leader><controlfield tag="001">02323584</controlfield><controlfield tag="003">DE-Frei129</controlfield><controlfield tag="005">20220811084051.0</controlfield><controlfield tag="007">tu</controlfield><controlfield tag="008">100118s2010    ||||||||||||||||||||ger||</controlfield><datafield tag="020" ind1=" " ind2=" "><subfield code="a">9783522105903</subfield><subfield code="9">978-3-522-10590-3</subfield></datafield><datafield tag="024" ind1="3" ind2=" "><subfield code="a">9783522105903</subfield></datafield><datafield tag="035" ind1=" " ind2=" "><subfield code="a">(DE-576)1625134487</subfield></datafield><datafield tag="041" ind1=" " ind2=" "><subfield code="a">ger</subfield></datafield><datafield tag="044" ind1=" " ind2=" "><subfield code="c">XA-DE-BW</subfield><subfield code="c">XA-AT-9</subfield></datafield><datafield tag="245" ind1="1" ind2="4"><subfield code="a">Der Räuber Hotzenplotz</subfield><subfield code="b">eine Kasperlgeschichte</subfield><subfield code="c">von Otfried Preußler. [Gesamtausstattung: F. J. Tripp]</subfield></datafield><datafield tag="250" ind1=" " ind2=" "><subfield code="a">[Nachdr.]</subfield></datafield><datafield tag="260" ind1="3" ind2=" "><subfield code="a">Stuttgart ; Wien</subfield><subfield code="b">Thienemann</subfield><subfield code="c">2010 [20]10</subfield></datafield><datafield tag="300" ind1=" " ind2=" "><subfield code="a">124  Seiten</subfield><subfield code="b">Ill.</subfield></datafield><datafield tag="650" ind1=" " ind2="7"><subfield code="a">Räuber</subfield><subfield code="0">(DE-Frei129)00065642</subfield><subfield code="0">(DE-588)4176859-0</subfield><subfield code="2">gnd</subfield></datafield><datafield tag="655" ind1=" " ind2="7"><subfield code="a">Kinderbuch</subfield><subfield code="0">(DE-Frei129)00000374</subfield><subfield code="2">local</subfield></datafield><datafield tag="689" ind1="0" ind2="0"><subfield code="0">(DE-588)4176859-0</subfield><subfield code="D">s</subfield><subfield code="a">Räuber </subfield></datafield><datafield tag="689" ind1="0" ind2="1"><subfield code="A">s</subfield><subfield code="a">Kinderbuch</subfield><subfield code="5">DE-101</subfield></datafield><datafield tag="700" ind1="1" ind2=" "><subfield code="0">(DE-588)118596438</subfield><subfield code="0">(DE-Frei129)00072587</subfield><subfield code="a">Preußler, Otfried</subfield><subfield code="4">aut</subfield></datafield><datafield tag="700" ind1="1" ind2=" "><subfield code="0">(DE-588)107042517</subfield><subfield code="0">(DE-Frei129)00056150</subfield><subfield code="a">Tripp, Franz J.</subfield><subfield code="4">ill</subfield></datafield><datafield tag="852" ind1=" " ind2=" "><subfield code="a">Frei 129</subfield><subfield code="b">PHFR</subfield><subfield code="c">GE 6919 P943 R1</subfield></datafield><datafield tag="980" ind1="0" ind2=" "><subfield code="a">00218873</subfield><subfield code="9">(PHFR)</subfield><subfield code="b">2.OG (35)</subfield><subfield code="c">GE 6919 P943 R1</subfield><subfield code="d">Standardleihe (01)</subfield><subfield code="e">Verfügbar (X)</subfield></datafield></record>