
<record><leader>04391nam a2200000uu 4500</leader><controlfield tag="001">02323368</controlfield><controlfield tag="003">DE-Frei129</controlfield><controlfield tag="005">20220811084051.0</controlfield><controlfield tag="007">tu</controlfield><controlfield tag="008">100113s2010    ||||||||||||||||||||ger||</controlfield><datafield tag="015" ind1=" " ind2=" "><subfield code="a">09,N51,0661</subfield></datafield><datafield tag="016" ind1="7" ind2=" "><subfield code="a">998623008</subfield><subfield code="2">DE-101</subfield></datafield><datafield tag="020" ind1=" " ind2=" "><subfield code="a">9783442171453</subfield><subfield code="9">978-3-442-17145-3</subfield><subfield code="c">KUNST. : ca. EUR 4.00, ca. EUR 4.20 (AT), ca. sfr 7.50 (freier Pr.)</subfield></datafield><datafield tag="024" ind1="3" ind2=" "><subfield code="a">9783442171453</subfield></datafield><datafield tag="035" ind1=" " ind2=" "><subfield code="a">(DE-576)1624856284</subfield></datafield><datafield tag="041" ind1=" " ind2=" "><subfield code="a">ger</subfield><subfield code="h">ger</subfield></datafield><datafield tag="044" ind1=" " ind2=" "><subfield code="c">XA-DE-BY</subfield></datafield><datafield tag="245" ind1="1" ind2="0"><subfield code="a">Jungs fragen - Mädchen antworten</subfield><subfield code="b">Fragen und Antworten aus jetzt.de, dem jungen Magazin der Süddeutschen Zeitung</subfield><subfield code="c">Max Scharnigg; Dirk Gehlen (Hrsg.)</subfield></datafield><datafield tag="250" ind1=" " ind2=" "><subfield code="a">1. Aufl.</subfield></datafield><datafield tag="260" ind1="3" ind2=" "><subfield code="a">München</subfield><subfield code="b">Goldmann Verlag</subfield><subfield code="c">2010</subfield></datafield><datafield tag="300" ind1=" " ind2=" "><subfield code="a">169  Seiten</subfield><subfield code="c">155 mm x 115 mm</subfield></datafield><datafield tag="500" ind1=" " ind2=" "><subfield code="a">5090: ddsu/sred</subfield></datafield><datafield tag="650" ind1=" " ind2="7"><subfield code="a">Männliche Jugend</subfield><subfield code="0">(DE-Frei129)00084382</subfield><subfield code="0">(DE-588)4290802-4</subfield><subfield code="2">gnd</subfield></datafield><datafield tag="650" ind1=" " ind2="7"><subfield code="a">Rollenverhalten</subfield><subfield code="0">(DE-Frei129)00066276</subfield><subfield code="0">(DE-588)4178414-5</subfield><subfield code="2">gnd</subfield></datafield><datafield tag="650" ind1=" " ind2="7"><subfield code="a">Weibliche Jugend</subfield><subfield code="0">(DE-Frei129)00070479</subfield><subfield code="0">(DE-588)4189399-2</subfield><subfield code="2">gnd</subfield></datafield><datafield tag="655" ind1=" " ind2="7"><subfield code="a">Jugendsachbuch</subfield><subfield code="0">(DE-Frei129)00000471</subfield><subfield code="2">local</subfield></datafield><datafield tag="689" ind1="0" ind2="0"><subfield code="0">(DE-588)4290802-4</subfield><subfield code="D">s</subfield><subfield code="a">Männliche Jugend </subfield></datafield><datafield tag="689" ind1="0" ind2="1"><subfield code="0">(DE-588)4178414-5</subfield><subfield code="D">s</subfield><subfield code="a">Rollenverhalten </subfield></datafield><datafield tag="689" ind1="0" ind2="2"><subfield code="0">(DE-588)4189399-2</subfield><subfield code="D">s</subfield><subfield code="a">Weibliche Jugend </subfield></datafield><datafield tag="689" ind1="0" ind2="3"><subfield code="A">s</subfield><subfield code="a">Jugendsachbuch</subfield><subfield code="5">DE-101</subfield></datafield><datafield tag="700" ind1="1" ind2=" "><subfield code="0">(DE-588)133747565</subfield><subfield code="0">(DE-Frei129)00812022</subfield><subfield code="a">Scharnigg, Max</subfield><subfield code="4">Hrsg.</subfield></datafield><datafield tag="852" ind1=" " ind2=" "><subfield code="a">Frei 129</subfield><subfield code="b">PHFR</subfield><subfield code="c">GO 67150 S311</subfield></datafield><datafield tag="856" ind1="4" ind2=" "><subfield code="8">00</subfield><subfield code="u">http://d-nb.info/998623008/04</subfield><subfield code="y">Inhaltsverzeichnis</subfield></datafield><datafield tag="980" ind1="0" ind2=" "><subfield code="a">00210775</subfield><subfield code="9">(PHFR)</subfield><subfield code="b">UG (33)</subfield><subfield code="c">Soz E 500: 6</subfield><subfield code="d">Standardleihe (01)</subfield><subfield code="e">Verfügbar (X)</subfield></datafield></record>