
<record><leader>02887nam a2200000uu 4500</leader><controlfield tag="001">02323103</controlfield><controlfield tag="003">DE-Frei129</controlfield><controlfield tag="005">20220811084051.0</controlfield><controlfield tag="007">tu</controlfield><controlfield tag="008">091217s2010    ||||||||||||||||||||ger||</controlfield><datafield tag="020" ind1=" " ind2=" "><subfield code="a">9783829705851</subfield><subfield code="9">9783829705851</subfield></datafield><datafield tag="024" ind1="3" ind2=" "><subfield code="a">9783829705851</subfield></datafield><datafield tag="035" ind1=" " ind2=" "><subfield code="a">(DE-576)1624422330</subfield></datafield><datafield tag="041" ind1=" " ind2=" "><subfield code="a">ger</subfield></datafield><datafield tag="044" ind1=" " ind2=" "><subfield code="c">XA-DE-BW</subfield></datafield><datafield tag="100" ind1="1" ind2=" "><subfield code="a">Weiss, Walter M.</subfield><subfield code="0">(DE-Frei129)00107153</subfield><subfield code="0">(DE-588)115600612</subfield><subfield code="4">aut</subfield></datafield><datafield tag="245" ind1="1" ind2="0"><subfield code="a">Venedig</subfield><subfield code="b">[mit City-Atlas]</subfield><subfield code="c">Marco-Polo-Autor Walter M. Weiss. [Red.: Nikolai Michaelis]</subfield></datafield><datafield tag="250" ind1=" " ind2=" "><subfield code="a">5. (14.), aktual. Aufl.</subfield></datafield><datafield tag="260" ind1="3" ind2=" "><subfield code="a">Ostfildern</subfield><subfield code="b">MairDumont</subfield><subfield code="c">2010</subfield></datafield><datafield tag="300" ind1=" " ind2=" "><subfield code="a">133 Seiten</subfield><subfield code="b">zahlr. Ill., Kt.</subfield><subfield code="c">19 cm</subfield></datafield><datafield tag="490" ind1="0" ind2=" "><subfield code="a">Marco Polo. Reisen mit Insider-Tipps</subfield></datafield><datafield tag="500" ind1=" " ind2=" "><subfield code="a">Archivierung/Langzeitarchivierung gewährleistet</subfield></datafield><datafield tag="610" ind1="1" ind2="7"><subfield code="a">Venedig</subfield><subfield code="0">(DE-Frei129)00024994</subfield><subfield code="0">(DE-588)4062501-1</subfield><subfield code="2">gnd</subfield></datafield><datafield tag="689" ind1="0" ind2="0"><subfield code="0">(DE-588)4062501-1</subfield><subfield code="D">g</subfield><subfield code="a">Venedig</subfield><subfield code="5">DE-101</subfield></datafield><datafield tag="852" ind1=" " ind2=" "><subfield code="a">Frei 129</subfield><subfield code="b">PHFR</subfield><subfield code="c">RO 45012 W432 (14)</subfield></datafield><datafield tag="980" ind1="0" ind2=" "><subfield code="a">00287308</subfield><subfield code="9">(PHFR)</subfield><subfield code="b">Handbibliothek (50)</subfield><subfield code="c">Geo G 630: 46</subfield><subfield code="d">Handbibliothek - nie verleihbar (54)</subfield><subfield code="e">Verfügbar (X)</subfield></datafield></record>