
<record><leader>06873nam a2200000uu 4500</leader><controlfield tag="001">02322562</controlfield><controlfield tag="003">DE-Frei129</controlfield><controlfield tag="005">20220811084051.0</controlfield><controlfield tag="007">tu</controlfield><controlfield tag="008">091130s2010    ||||||||||||||||||||eng||</controlfield><datafield tag="020" ind1=" " ind2=" "><subfield code="a">9781433106736</subfield><subfield code="9">978-1-433-10673-6</subfield><subfield code="c">pbk. : alk. paper</subfield></datafield><datafield tag="035" ind1=" " ind2=" "><subfield code="a">(DE-576)1623931738</subfield></datafield><datafield tag="041" ind1=" " ind2=" "><subfield code="a">eng</subfield></datafield><datafield tag="044" ind1=" " ind2=" "><subfield code="c">XD-US</subfield></datafield><datafield tag="245" ind1="1" ind2="0"><subfield code="a">&quot;Hanging in with kids&quot; in tough times</subfield><subfield code="b">engagement in contexts of educational disadvantage in the relational school</subfield><subfield code="c">John Smyth, Barry Down, Peter McInerney</subfield></datafield><datafield tag="260" ind1="3" ind2=" "><subfield code="a">New York</subfield><subfield code="b">Lang</subfield><subfield code="c">2010 c2010</subfield></datafield><datafield tag="300" ind1=" " ind2=" "><subfield code="a">257  Seiten</subfield></datafield><datafield tag="490" ind1="1" ind2=" "><subfield code="a">Adolescent cultures, school and society </subfield><subfield code="v">49</subfield></datafield><datafield tag="500" ind1=" " ind2=" "><subfield code="a">Includes bibliographical references and index</subfield></datafield><datafield tag="650" ind1=" " ind2="7"><subfield code="a">Unterrichtsmethode</subfield><subfield code="0">(DE-Frei129)00033067</subfield><subfield code="0">(DE-588)4078637-7</subfield><subfield code="2">gnd</subfield></datafield><datafield tag="650" ind1=" " ind2="7"><subfield code="a">Beziehung</subfield><subfield code="0">(DE-Frei129)00020461</subfield><subfield code="0">(DE-588)4145198-3</subfield><subfield code="2">gnd</subfield></datafield><datafield tag="650" ind1=" " ind2="7"><subfield code="a">Schulabbrecher</subfield><subfield code="0">(DE-Frei129)00021687</subfield><subfield code="0">(DE-588)4180085-0</subfield><subfield code="2">gnd</subfield></datafield><datafield tag="650" ind1=" " ind2="7"><subfield code="a">Soziale Herkunft</subfield><subfield code="0">(DE-Frei129)00039298</subfield><subfield code="0">(DE-588)4121684-2</subfield><subfield code="2">gnd</subfield></datafield><datafield tag="650" ind1=" " ind2="7"><subfield code="a">Unterprivilegierung</subfield><subfield code="0">(DE-Frei129)00069535</subfield><subfield code="0">(DE-588)4274816-1</subfield><subfield code="2">gnd</subfield></datafield><datafield tag="650" ind1=" " ind2="7"><subfield code="a">Ländlicher Raum</subfield><subfield code="0">(DE-Frei129)00014719</subfield><subfield code="0">(DE-588)4034026-0</subfield><subfield code="2">gnd</subfield></datafield><datafield tag="650" ind1=" " ind2="7"><subfield code="a">Students with social disabilities</subfield><subfield code="0">(DE-Frei129)00754816</subfield><subfield code="2">local</subfield></datafield><datafield tag="650" ind1=" " ind2="7"><subfield code="a">Education</subfield><subfield code="0">(DE-Frei129)00236915</subfield><subfield code="2">local</subfield></datafield><datafield tag="650" ind1=" " ind2="7"><subfield code="a">Education and state</subfield><subfield code="0">(DE-Frei129)00243007</subfield><subfield code="2">local</subfield></datafield><datafield tag="650" ind1=" " ind2="7"><subfield code="a">Critical pedagogy</subfield><subfield code="0">(DE-Frei129)00248743</subfield><subfield code="2">local</subfield></datafield><datafield tag="651" ind1=" " ind2="7"><subfield code="a">Australien</subfield><subfield code="0">(DE-Frei129)00000608</subfield><subfield code="0">(DE-588)4003900-6</subfield><subfield code="2">gnd</subfield></datafield><datafield tag="689" ind1="0" ind2="0"><subfield code="0">(DE-588)4003900-6</subfield><subfield code="D">g</subfield><subfield code="a">Australien </subfield></datafield><datafield tag="689" ind1="0" ind2="1"><subfield code="0">(DE-588)4078637-7</subfield><subfield code="D">s</subfield><subfield code="a">Unterrichtsmethode </subfield></datafield><datafield tag="689" ind1="0" ind2="2"><subfield code="0">(DE-588)4145198-3</subfield><subfield code="D">s</subfield><subfield code="a">Beziehung </subfield></datafield><datafield tag="689" ind1="0" ind2="3"><subfield code="0">(DE-588)4180085-0</subfield><subfield code="D">s</subfield><subfield code="a">Schulabbrecher </subfield></datafield><datafield tag="689" ind1="0" ind2="4"><subfield code="0">(DE-588)4121684-2</subfield><subfield code="D">s</subfield><subfield code="a">Soziale Herkunft </subfield></datafield><datafield tag="689" ind1="0" ind2="5"><subfield code="0">(DE-588)4274816-1</subfield><subfield code="D">s</subfield><subfield code="a">Unterprivilegierung </subfield></datafield><datafield tag="689" ind1="0" ind2="6"><subfield code="0">(DE-588)4034026-0</subfield><subfield code="D">s</subfield><subfield code="a">Ländlicher Raum</subfield><subfield code="5">DE-101</subfield></datafield><datafield tag="689" ind1="1" ind2="0"><subfield code="A">s</subfield><subfield code="a">Students with social disabilities </subfield></datafield><datafield tag="689" ind1="1" ind2="1"><subfield code="A">s</subfield><subfield code="a">Education</subfield><subfield code="5">DE-101</subfield></datafield><datafield tag="689" ind1="2" ind2="0"><subfield code="A">s</subfield><subfield code="a">Education and state</subfield><subfield code="5">DE-101</subfield></datafield><datafield tag="689" ind1="3" ind2="0"><subfield code="A">s</subfield><subfield code="a">Critical pedagogy</subfield><subfield code="5">DE-101</subfield></datafield><datafield tag="700" ind1="1" ind2=" "><subfield code="0">(DE-Frei129)00448521</subfield><subfield code="a">Smyth, John</subfield><subfield code="4">aut</subfield></datafield><datafield tag="830" ind1=" " ind2="0"><subfield code="a">Adolescent cultures, school &amp; society</subfield><subfield code="v">49</subfield><subfield code="w">(DE-Frei129)00207870</subfield><subfield code="9">249</subfield></datafield><datafield tag="852" ind1=" " ind2=" "><subfield code="a">Frei129</subfield><subfield code="c">Paed B 50: 151</subfield></datafield><datafield tag="856" ind1="4" ind2=" "><subfield code="8">00</subfield><subfield code="u">http://d-nb.info/997606819/04</subfield><subfield code="y">Inhaltsverzeichnis</subfield></datafield><datafield tag="980" ind1="0" ind2=" "><subfield code="a">00210531</subfield><subfield code="9">(PHFR)</subfield><subfield code="b">EG-Anbau (32)</subfield><subfield code="c">Paed B 50: 151</subfield><subfield code="d">Standardleihe (01)</subfield><subfield code="e">Verfügbar (X)</subfield></datafield></record>