
<record><leader>05008nam a2200000uu 4500</leader><controlfield tag="001">02322232</controlfield><controlfield tag="003">DE-Frei129</controlfield><controlfield tag="005">20220811084051.0</controlfield><controlfield tag="007">tu</controlfield><controlfield tag="008">091028s2010    ||||||||||||||||||||eng||</controlfield><datafield tag="016" ind1="7" ind2=" "><subfield code="a">997515287</subfield><subfield code="2">DE-101</subfield></datafield><datafield tag="020" ind1=" " ind2=" "><subfield code="a">9781433108808</subfield><subfield code="9">9781433108808</subfield><subfield code="c">pbk. : alk. paper</subfield></datafield><datafield tag="035" ind1=" " ind2=" "><subfield code="a">(DE-576)611750171</subfield></datafield><datafield tag="041" ind1=" " ind2=" "><subfield code="a">eng</subfield></datafield><datafield tag="044" ind1=" " ind2=" "><subfield code="c">XD-US</subfield><subfield code="c">XA-CH</subfield><subfield code="c">XA-DE</subfield></datafield><datafield tag="245" ind1="1" ind2="0"><subfield code="a">Finding freedom in the classroom</subfield><subfield code="b">a practical introduction to critical theory</subfield><subfield code="c">Patricia H. Hinchey</subfield></datafield><datafield tag="250" ind1=" " ind2=" "><subfield code="a">Revised ed.</subfield></datafield><datafield tag="260" ind1="3" ind2=" "><subfield code="a">New York, NY [u.a.]</subfield><subfield code="b">Lang</subfield><subfield code="c">c2010</subfield></datafield><datafield tag="300" ind1=" " ind2=" "><subfield code="a">XVIII, 154 Seiten</subfield><subfield code="c">230 mm x 160 mm</subfield></datafield><datafield tag="490" ind1="1" ind2=" "><subfield code="a">Counterpoints </subfield><subfield code="v">24</subfield></datafield><datafield tag="500" ind1=" " ind2=" "><subfield code="a">Includes bibliographical references and index</subfield></datafield><datafield tag="500" ind1=" " ind2=" "><subfield code="a">IMD-Felder maschinell generiert (GBV)</subfield></datafield><datafield tag="650" ind1=" " ind2="7"><subfield code="a">Postmodernism and education</subfield><subfield code="0">(DE-Frei129)00247255</subfield><subfield code="2">local</subfield></datafield><datafield tag="650" ind1=" " ind2="7"><subfield code="a">Postmoderne</subfield><subfield code="0">(DE-Frei129)00016863</subfield><subfield code="0">(DE-588)4115604-3</subfield><subfield code="2">gnd</subfield></datafield><datafield tag="650" ind1=" " ind2="7"><subfield code="a">Bildung</subfield><subfield code="0">(DE-Frei129)00001089</subfield><subfield code="0">(DE-588)4006650-2</subfield><subfield code="2">gnd</subfield></datafield><datafield tag="650" ind1=" " ind2="7"><subfield code="a">Critical pedagogy</subfield><subfield code="0">(DE-Frei129)00248743</subfield><subfield code="2">local</subfield></datafield><datafield tag="650" ind1=" " ind2="7"><subfield code="a">Critical theory</subfield><subfield code="0">(DE-Frei129)00351673</subfield><subfield code="2">local</subfield></datafield><datafield tag="689" ind1="0" ind2="0"><subfield code="A">s</subfield><subfield code="a">Postmodernism and education</subfield><subfield code="5">DE-101</subfield></datafield><datafield tag="689" ind1="1" ind2="0"><subfield code="0">(DE-588)4115604-3</subfield><subfield code="D">s</subfield><subfield code="a">Postmoderne </subfield></datafield><datafield tag="689" ind1="1" ind2="1"><subfield code="0">(DE-588)4006650-2</subfield><subfield code="D">s</subfield><subfield code="a">Bildung</subfield><subfield code="5">DE-101</subfield></datafield><datafield tag="689" ind1="2" ind2="0"><subfield code="A">s</subfield><subfield code="a">Critical pedagogy</subfield><subfield code="5">DE-101</subfield></datafield><datafield tag="689" ind1="3" ind2="0"><subfield code="A">s</subfield><subfield code="a">Critical theory</subfield><subfield code="5">DE-101</subfield></datafield><datafield tag="700" ind1="1" ind2=" "><subfield code="0">(DE-Frei129)00121921</subfield><subfield code="a">Hinchey, Patricia H.</subfield><subfield code="4">aut</subfield></datafield><datafield tag="830" ind1=" " ind2="0"><subfield code="a">Counterpoints</subfield><subfield code="v">24</subfield><subfield code="w">(DE-Frei129)00143192</subfield><subfield code="9">224</subfield></datafield><datafield tag="852" ind1=" " ind2=" "><subfield code="a">Frei129</subfield><subfield code="c">Paed B 50: 149</subfield></datafield><datafield tag="856" ind1="4" ind2=" "><subfield code="8">00</subfield><subfield code="u">http://bvbr.bib-bvb.de:8991/F?func=service&amp;doc_library=BVB01&amp;doc_number=018721472&amp;line_number=0001&amp;func_code=DB_RECORDS&amp;service_type=MEDIA</subfield><subfield code="y">Inhaltsverzeichnis</subfield></datafield><datafield tag="980" ind1="0" ind2=" "><subfield code="a">00210024</subfield><subfield code="9">(PHFR)</subfield><subfield code="b">EG-Anbau (32)</subfield><subfield code="c">Paed B 50: 149</subfield><subfield code="d">Standardleihe (01)</subfield><subfield code="e">Verfügbar (X)</subfield></datafield></record>