
<record><leader>04363nam a2200000uu 4500</leader><controlfield tag="001">02322104</controlfield><controlfield tag="003">DE-Frei129</controlfield><controlfield tag="005">20220811084051.0</controlfield><controlfield tag="007">tu</controlfield><controlfield tag="008">091022s2010    ||||||||||||||||||||eng||</controlfield><datafield tag="015" ind1=" " ind2=" "><subfield code="a">09,N44,0497</subfield></datafield><datafield tag="016" ind1="7" ind2=" "><subfield code="a">997315466</subfield><subfield code="2">DE-101</subfield></datafield><datafield tag="020" ind1=" " ind2=" "><subfield code="a">9781433106408</subfield><subfield code="9">9781433106408</subfield></datafield><datafield tag="020" ind1=" " ind2=" "><subfield code="a">9781433106392</subfield><subfield code="9">9781433106392</subfield><subfield code="c">PB. : ca. EUR 41.30 (freier Pr.), ca. sfr 64.00 (freier Pr.)</subfield></datafield><datafield tag="024" ind1="3" ind2=" "><subfield code="a">9781433106392</subfield></datafield><datafield tag="035" ind1=" " ind2=" "><subfield code="a">(DE-576)611220644</subfield></datafield><datafield tag="041" ind1=" " ind2=" "><subfield code="a">eng</subfield></datafield><datafield tag="044" ind1=" " ind2=" "><subfield code="c">XD-US</subfield><subfield code="c">XA-CH</subfield><subfield code="c">XA-DE</subfield></datafield><datafield tag="245" ind1="1" ind2="0"><subfield code="a">(De)constructing ADHD</subfield><subfield code="b">critical guidance for teachers and teacher educators</subfield><subfield code="c">ed. By Linda J. Graham</subfield></datafield><datafield tag="260" ind1="3" ind2=" "><subfield code="a">New York, NY [u.a.]</subfield><subfield code="b">Lang</subfield><subfield code="c">2010</subfield></datafield><datafield tag="300" ind1=" " ind2=" "><subfield code="a">XII, 224 Seiten</subfield><subfield code="b">graph. Darst.</subfield><subfield code="c">230 mm x 160 mm</subfield></datafield><datafield tag="490" ind1="1" ind2=" "><subfield code="a">Disability Studies in Education </subfield><subfield code="v">9</subfield></datafield><datafield tag="500" ind1=" " ind2=" "><subfield code="a">Literaturangaben</subfield></datafield><datafield tag="500" ind1=" " ind2=" "><subfield code="a">IMD-Felder maschinell generiert (GBV)</subfield></datafield><datafield tag="650" ind1=" " ind2="7"><subfield code="a">Lehrerbildung</subfield><subfield code="0">(DE-Frei129)00015166</subfield><subfield code="0">(DE-588)4035093-9</subfield><subfield code="2">gnd</subfield></datafield><datafield tag="650" ind1=" " ind2="7"><subfield code="a">Aufmerksamkeitsdefizit-Syndrom</subfield><subfield code="0">(DE-Frei129)00103915</subfield><subfield code="0">(DE-588)4525885-5</subfield><subfield code="2">gnd</subfield></datafield><datafield tag="689" ind1="0" ind2="0"><subfield code="0">(DE-588)4035093-9</subfield><subfield code="D">s</subfield><subfield code="a">Lehrerbildung </subfield></datafield><datafield tag="689" ind1="0" ind2="1"><subfield code="0">(DE-588)4525885-5</subfield><subfield code="D">s</subfield><subfield code="a">Aufmerksamkeitsdefizit-Syndrom</subfield><subfield code="5">DE-101</subfield></datafield><datafield tag="700" ind1="1" ind2=" "><subfield code="0">(DE-Frei129)00951533</subfield><subfield code="a">Graham, Linda J.</subfield><subfield code="4">oth</subfield></datafield><datafield tag="700" ind1="1" ind2=" "><subfield code="0">(DE-Frei129)00793415</subfield><subfield code="a">Graham, Linda</subfield><subfield code="4">Hrsg.</subfield></datafield><datafield tag="830" ind1=" " ind2="0"><subfield code="a">Disability studies in education</subfield><subfield code="v">9</subfield><subfield code="w">(DE-Frei129)01580748</subfield><subfield code="9">19</subfield></datafield><datafield tag="852" ind1=" " ind2=" "><subfield code="a">Frei129</subfield><subfield code="c">Psy K 320: 239</subfield></datafield><datafield tag="856" ind1="4" ind2=" "><subfield code="8">00</subfield><subfield code="u">http://d-nb.info/997315466/04</subfield><subfield code="y">Inhaltsverzeichnis</subfield></datafield><datafield tag="980" ind1="0" ind2=" "><subfield code="a">00212309</subfield><subfield code="9">(PHFR)</subfield><subfield code="b">EG-Anbau (32)</subfield><subfield code="c">Psy K 320: 239</subfield><subfield code="d">Standardleihe (01)</subfield><subfield code="e">Verfügbar (X)</subfield></datafield></record>