
<record><leader>08154nam a2200000uu 4500</leader><controlfield tag="001">02320833</controlfield><controlfield tag="003">DE-Frei129</controlfield><controlfield tag="005">20220811084051.0</controlfield><controlfield tag="007">tu</controlfield><controlfield tag="008">090910s2010    ||||||||||||||||||||eng||</controlfield><datafield tag="015" ind1=" " ind2=" "><subfield code="a">09,N42,0567</subfield></datafield><datafield tag="016" ind1="7" ind2=" "><subfield code="a">997058218</subfield><subfield code="2">DE-101</subfield></datafield><datafield tag="020" ind1=" " ind2=" "><subfield code="a">9781433108457</subfield><subfield code="9">9781433108457</subfield><subfield code="c">pbk. : alk. paper</subfield></datafield><datafield tag="020" ind1=" " ind2=" "><subfield code="a">9781433108440</subfield><subfield code="9">9781433108440</subfield><subfield code="c">GB. : ca. EUR 43.20 (freier Pr.), ca. sfr 67.00 (freier Pr.)</subfield></datafield><datafield tag="024" ind1="3" ind2=" "><subfield code="a">9781433108440</subfield></datafield><datafield tag="035" ind1=" " ind2=" "><subfield code="a">(DE-576)608521159</subfield></datafield><datafield tag="041" ind1=" " ind2=" "><subfield code="a">eng</subfield></datafield><datafield tag="044" ind1=" " ind2=" "><subfield code="c">XD-US</subfield><subfield code="c">XA-CH</subfield><subfield code="c">XA-DE</subfield></datafield><datafield tag="100" ind1="1" ind2=" "><subfield code="a">Monchinski, Tony</subfield><subfield code="0">(DE-Frei129)00384494</subfield></datafield><datafield tag="245" ind1="1" ind2="0"><subfield code="a">Education in hope</subfield><subfield code="b">critical pedagogies and the ethic of care</subfield><subfield code="c">Tony Monchinski</subfield></datafield><datafield tag="260" ind1="3" ind2=" "><subfield code="a">New York, NY [u.a.]</subfield><subfield code="b">Lang</subfield><subfield code="c">2010</subfield></datafield><datafield tag="300" ind1=" " ind2=" "><subfield code="a">XI, 215 S</subfield><subfield code="b">Ill.</subfield><subfield code="c">230 mm x 160 mm</subfield></datafield><datafield tag="490" ind1="1" ind2=" "><subfield code="a">Counterpoints </subfield><subfield code="v">382</subfield></datafield><datafield tag="500" ind1=" " ind2=" "><subfield code="a">Includes bibliographical references and index</subfield></datafield><datafield tag="500" ind1=" " ind2=" "><subfield code="a">IMD-Felder maschinell generiert (GBV)</subfield></datafield><datafield tag="600" ind1="1" ind2="7"><subfield code="0">(DE-Frei129)00011562</subfield><subfield code="0">(DE-588)118525069</subfield><subfield code="a">Dewey, John</subfield><subfield code="2">gnd</subfield></datafield><datafield tag="600" ind1="1" ind2="7"><subfield code="0">(DE-Frei129)58399528</subfield><subfield code="a">Dewey, John, 1859-1952 / Influence</subfield><subfield code="2">local</subfield></datafield><datafield tag="648" ind1=" " ind2="7"><subfield code="a">United States</subfield><subfield code="0">(DE-Frei129)02387756</subfield><subfield code="2">local</subfield></datafield><datafield tag="650" ind1=" " ind2="7"><subfield code="a">Kritische Pädagogik</subfield><subfield code="0">(DE-Frei129)00050765</subfield><subfield code="0">(DE-588)4137945-7</subfield><subfield code="2">gnd</subfield></datafield><datafield tag="650" ind1=" " ind2="7"><subfield code="a">Soziale Verantwortung</subfield><subfield code="0">(DE-Frei129)00126757</subfield><subfield code="0">(DE-588)4055737-6</subfield><subfield code="2">gnd</subfield></datafield><datafield tag="650" ind1=" " ind2="7"><subfield code="a">Education and state</subfield><subfield code="0">(DE-Frei129)00251407</subfield><subfield code="2">local</subfield></datafield><datafield tag="650" ind1=" " ind2="7"><subfield code="a">Educational change</subfield><subfield code="0">(DE-Frei129)14264808</subfield><subfield code="2">local</subfield></datafield><datafield tag="650" ind1=" " ind2="7"><subfield code="a">Critical pedagogy</subfield><subfield code="0">(DE-Frei129)14260811</subfield><subfield code="2">local</subfield></datafield><datafield tag="650" ind1=" " ind2="7"><subfield code="a">Schulreform</subfield><subfield code="0">(DE-Frei129)00012612</subfield><subfield code="0">(DE-588)4053539-3</subfield><subfield code="2">gnd</subfield></datafield><datafield tag="650" ind1=" " ind2="7"><subfield code="a">Erziehungsphilosophie</subfield><subfield code="0">(DE-Frei129)00028596</subfield><subfield code="0">(DE-588)4070955-3</subfield><subfield code="2">gnd</subfield></datafield><datafield tag="651" ind1=" " ind2="7"><subfield code="a">USA</subfield><subfield code="0">(DE-Frei129)00031006</subfield><subfield code="0">(DE-588)4078704-7</subfield><subfield code="2">gnd</subfield></datafield><datafield tag="689" ind1="0" ind2="0"><subfield code="0">(DE-588)118525069</subfield><subfield code="D">p</subfield><subfield code="a">Dewey, John </subfield></datafield><datafield tag="689" ind1="0" ind2="1"><subfield code="0">(DE-588)4078704-7</subfield><subfield code="D">g</subfield><subfield code="a">USA </subfield></datafield><datafield tag="689" ind1="0" ind2="2"><subfield code="0">(DE-588)4137945-7</subfield><subfield code="D">s</subfield><subfield code="a">Kritische Pädagogik </subfield></datafield><datafield tag="689" ind1="0" ind2="3"><subfield code="0">(DE-588)4055737-6</subfield><subfield code="D">s</subfield><subfield code="a">Soziale Verantwortung</subfield><subfield code="5">DE-101</subfield></datafield><datafield tag="689" ind1="1" ind2="0"><subfield code="A">n</subfield><subfield code="a">Dewey, John, 1859-1952 / Influence</subfield><subfield code="5">DE-101</subfield></datafield><datafield tag="689" ind1="2" ind2="0"><subfield code="A">s</subfield><subfield code="a">Education and state </subfield></datafield><datafield tag="689" ind1="2" ind2="1"><subfield code="A">s</subfield><subfield code="a">United States</subfield><subfield code="5">DE-101</subfield></datafield><datafield tag="689" ind1="3" ind2="0"><subfield code="A">s</subfield><subfield code="a">Educational change </subfield></datafield><datafield tag="689" ind1="3" ind2="1"><subfield code="A">s</subfield><subfield code="a">United States</subfield><subfield code="5">DE-101</subfield></datafield><datafield tag="689" ind1="4" ind2="0"><subfield code="A">s</subfield><subfield code="a">Critical pedagogy</subfield><subfield code="5">DE-101</subfield></datafield><datafield tag="689" ind1="5" ind2="0"><subfield code="0">(DE-588)4078704-7</subfield><subfield code="D">g</subfield><subfield code="a">USA </subfield></datafield><datafield tag="689" ind1="5" ind2="1"><subfield code="0">(DE-588)4137945-7</subfield><subfield code="D">s</subfield><subfield code="a">Kritische Pädagogik </subfield></datafield><datafield tag="689" ind1="5" ind2="2"><subfield code="0">(DE-588)4055737-6</subfield><subfield code="D">s</subfield><subfield code="a">Soziale Verantwortung </subfield></datafield><datafield tag="689" ind1="5" ind2="3"><subfield code="0">(DE-588)4053539-3</subfield><subfield code="D">s</subfield><subfield code="a">Schulreform </subfield></datafield><datafield tag="689" ind1="5" ind2="4"><subfield code="0">(DE-588)4070955-3</subfield><subfield code="D">s</subfield><subfield code="a">Erziehungsphilosophie</subfield><subfield code="5">DE-101</subfield></datafield><datafield tag="830" ind1=" " ind2="0"><subfield code="a">Counterpoints</subfield><subfield code="v">382</subfield><subfield code="w">(DE-Frei129)00143192</subfield><subfield code="9">3382</subfield></datafield><datafield tag="852" ind1=" " ind2=" "><subfield code="a">Frei129</subfield><subfield code="c">Paed B 50: 152</subfield></datafield><datafield tag="856" ind1="4" ind2=" "><subfield code="8">00</subfield><subfield code="u">http://d-nb.info/997058196/04</subfield><subfield code="y">Inhaltsverzeichnis</subfield></datafield><datafield tag="980" ind1="0" ind2=" "><subfield code="a">00212205</subfield><subfield code="9">(PHFR)</subfield><subfield code="b">EG-Anbau (32)</subfield><subfield code="c">Paed B 50: 152</subfield><subfield code="d">Standardleihe (01)</subfield><subfield code="e">Verfügbar (X)</subfield></datafield></record>