
<record><leader>04112nam a2200000uu 4500</leader><controlfield tag="001">02320828</controlfield><controlfield tag="003">DE-Frei129</controlfield><controlfield tag="005">20220811084051.0</controlfield><controlfield tag="007">tu</controlfield><controlfield tag="008">091014s2010    ||||||||||||||||||||eng||</controlfield><datafield tag="015" ind1=" " ind2=" "><subfield code="a">09,N42,0546</subfield></datafield><datafield tag="016" ind1="7" ind2=" "><subfield code="a">997009276</subfield><subfield code="2">DE-101</subfield></datafield><datafield tag="020" ind1=" " ind2=" "><subfield code="a">9781433106231</subfield><subfield code="9">978-1-433-10623-1</subfield><subfield code="c">PB. : ca. EUR 45.10 (freier Pr.), ca. sfr 70.00 (freier Pr.)</subfield></datafield><datafield tag="024" ind1="3" ind2=" "><subfield code="a">9781433106231</subfield></datafield><datafield tag="035" ind1=" " ind2=" "><subfield code="a">(DE-576)1622673905</subfield></datafield><datafield tag="041" ind1=" " ind2=" "><subfield code="a">eng</subfield></datafield><datafield tag="245" ind1="1" ind2="0"><subfield code="a">Children under construction</subfield><subfield code="b">critical essays on play as curriculum</subfield><subfield code="c">ed. by Drew Chappell</subfield></datafield><datafield tag="260" ind1="3" ind2=" "><subfield code="a">New York, NY; Frankfurt am Main; Berlin; Wien [u.a.]</subfield><subfield code="b">Lang</subfield><subfield code="c">2010</subfield></datafield><datafield tag="300" ind1=" " ind2=" "><subfield code="a">XIV, 309  Seiten</subfield><subfield code="c">230 mm x 160 mm</subfield></datafield><datafield tag="500" ind1=" " ind2=" "><subfield code="a">5090: ddsu/sred</subfield></datafield><datafield tag="650" ind1=" " ind2="7"><subfield code="a">Kinderspiel</subfield><subfield code="0">(DE-Frei129)00029848</subfield><subfield code="0">(DE-588)4073413-4</subfield><subfield code="2">gnd</subfield></datafield><datafield tag="650" ind1=" " ind2="7"><subfield code="a">Identitätsentwicklung</subfield><subfield code="0">(DE-Frei129)00040471</subfield><subfield code="0">(DE-588)4138616-4</subfield><subfield code="2">gnd</subfield></datafield><datafield tag="650" ind1=" " ind2="7"><subfield code="a">Sozialisation</subfield><subfield code="0">(DE-Frei129)00022505</subfield><subfield code="0">(DE-588)4055783-2</subfield><subfield code="2">gnd</subfield></datafield><datafield tag="655" ind1=" " ind2="7"><subfield code="a">Aufsatzsammlung</subfield><subfield code="0">(DE-Frei129)00000042</subfield><subfield code="2">local</subfield></datafield><datafield tag="689" ind1="0" ind2="0"><subfield code="0">(DE-588)4073413-4</subfield><subfield code="D">s</subfield><subfield code="a">Kinderspiel </subfield></datafield><datafield tag="689" ind1="0" ind2="1"><subfield code="0">(DE-588)4138616-4</subfield><subfield code="D">s</subfield><subfield code="a">Identitätsentwicklung </subfield></datafield><datafield tag="689" ind1="0" ind2="2"><subfield code="0">(DE-588)4055783-2</subfield><subfield code="D">s</subfield><subfield code="a">Sozialisation </subfield></datafield><datafield tag="689" ind1="0" ind2="3"><subfield code="A">s</subfield><subfield code="a">Aufsatzsammlung</subfield><subfield code="5">DE-101</subfield></datafield><datafield tag="700" ind1="1" ind2=" "><subfield code="0">(DE-Frei129)00808165</subfield><subfield code="a">Chappell, Drew</subfield><subfield code="4">Hrsg.</subfield></datafield><datafield tag="852" ind1=" " ind2=" "><subfield code="a">Frei129</subfield><subfield code="c">Paed K 70: 22</subfield></datafield><datafield tag="856" ind1="4" ind2=" "><subfield code="8">00</subfield><subfield code="u">http://digitool.hbz-nrw.de:1801/webclient/DeliveryManager?pid=3798888</subfield><subfield code="y">Inhaltsverzeichnis</subfield></datafield><datafield tag="980" ind1="0" ind2=" "><subfield code="a">00210716</subfield><subfield code="9">(PHFR)</subfield><subfield code="b">EG-Anbau (32)</subfield><subfield code="c">Paed K 70: 22</subfield><subfield code="d">Standardleihe (01)</subfield><subfield code="e">Verfügbar (X)</subfield></datafield></record>