
<record><leader>11088nam a2200000uu 4500</leader><controlfield tag="001">02318864</controlfield><controlfield tag="003">DE-Frei129</controlfield><controlfield tag="005">20220811084051.0</controlfield><controlfield tag="007">tu</controlfield><controlfield tag="008">090429s2010    ||||||||||||||||||||eng||</controlfield><datafield tag="020" ind1=" " ind2=" "><subfield code="a">0415802156</subfield><subfield code="9">0415802156</subfield><subfield code="c">(hbk.) : £65.00 hbk. : £65.00 : CIP entry (Sept.)</subfield></datafield><datafield tag="020" ind1=" " ind2=" "><subfield code="a">9780415802154</subfield><subfield code="9">9780415802154</subfield></datafield><datafield tag="035" ind1=" " ind2=" "><subfield code="a">(DE-576)598921370</subfield></datafield><datafield tag="041" ind1=" " ind2=" "><subfield code="a">eng</subfield></datafield><datafield tag="044" ind1=" " ind2=" "><subfield code="c">XD-US</subfield><subfield code="c">XA-GB</subfield></datafield><datafield tag="100" ind1="1" ind2=" "><subfield code="a">Nikolajeva, Maria</subfield><subfield code="0">(DE-Frei129)00519946</subfield><subfield code="0">(DE-588)138392811</subfield></datafield><datafield tag="245" ind1="1" ind2="0"><subfield code="a">Power, voice and subjectivity in literature for young readers</subfield><subfield code="c">Maria Nikolajeva</subfield></datafield><datafield tag="260" ind1="3" ind2=" "><subfield code="a">New York [u.a.]</subfield><subfield code="b">Taylor &amp; Francis Ltd</subfield><subfield code="c">2010</subfield></datafield><datafield tag="300" ind1=" " ind2=" "><subfield code="a">XIII, 217 Seiten</subfield></datafield><datafield tag="490" ind1="1" ind2=" "><subfield code="a">Children&apos;s literature and culture </subfield><subfield code="v">67</subfield></datafield><datafield tag="500" ind1=" " ind2=" "><subfield code="a">Includes bibliographical references and index</subfield></datafield><datafield tag="500" ind1=" " ind2=" "><subfield code="a">IMD-Felder maschinell generiert (GBV)</subfield></datafield><datafield tag="501" ind1=" " ind2=" "><subfield code="a">Harry Potter and the secrets of children&apos;s literature -- Othering the sense: language and (mis)communication -- Othering the genre: fantasy and realism -- Othering the child: George MacDonald&apos;s fairy tales -- Othering the future: stereotypes of dystopia -- Othering the setting: orientalism and robinsonade -- Othering gender: new masculinities, new femininities -- Othering voice: crossvocalization and performance -- Othering ideology: literature in society&apos;s service -- Othering the species: the (ab)use of animals -- Othering the visual: power structures in picturebooks -- Othering the reader: identification fallacy.</subfield></datafield><datafield tag="520" ind1=" " ind2=" "><subfield code="a">Introduction: Why does Pippi sleep with her feet on the pillow? -- Harry Potter and the secrets of children&apos;s literature -- Othering the sense: language and (mis)communication -- Othering the genre: fantasy and realism -- Othering the child: George MacDonald&apos;s fairy tales -- Othering the future: stereotypes of dystopia -- Othering the setting: orientalism and Robinsonade -- Othering gender: new masculinities, new femininities -- Othering the voice: crossvocalization and performance -- Othering ideology: literature in society&apos;s service -- Othering the species: the (ab)use of animals -- Othering the visual: power structures in picturebooks -- Othering the reader: identification fallacy -- Conclusion: The adult&apos;s self-denial</subfield></datafield><datafield tag="650" ind1=" " ind2="7"><subfield code="a">Children&apos;s literature</subfield><subfield code="x">History and criticism</subfield><subfield code="x">Theory, etc</subfield><subfield code="0">(DE-Frei129)14556643</subfield><subfield code="2">local</subfield></datafield><datafield tag="650" ind1=" " ind2="7"><subfield code="a">Other (Philosophy) in literature</subfield><subfield code="0">(DE-Frei129)14296004</subfield><subfield code="2">local</subfield></datafield><datafield tag="650" ind1=" " ind2="7"><subfield code="a">Power (Philosophy) in literature</subfield><subfield code="0">(DE-Frei129)14556644</subfield><subfield code="2">local</subfield></datafield><datafield tag="650" ind1=" " ind2="7"><subfield code="a">Voice in literature</subfield><subfield code="0">(DE-Frei129)14272925</subfield><subfield code="2">local</subfield></datafield><datafield tag="650" ind1=" " ind2="7"><subfield code="a">Subjectivity in literature</subfield><subfield code="0">(DE-Frei129)14272144</subfield><subfield code="2">local</subfield></datafield><datafield tag="650" ind1=" " ind2="7"><subfield code="a">Children&apos;s literature</subfield><subfield code="x">Psychological aspects</subfield><subfield code="0">(DE-Frei129)14268060</subfield><subfield code="2">local</subfield></datafield><datafield tag="650" ind1=" " ind2="7"><subfield code="a">Macht</subfield><subfield code="x">Motiv</subfield><subfield code="0">(DE-Frei129)00062622</subfield><subfield code="0">(DE-588)4168422-9</subfield><subfield code="2">gnd</subfield></datafield><datafield tag="650" ind1=" " ind2="7"><subfield code="a">Stimme</subfield><subfield code="x">Motiv</subfield><subfield code="0">(DE-Frei129)00348866</subfield><subfield code="0">(DE-588)4221636-9</subfield><subfield code="2">gnd</subfield></datafield><datafield tag="650" ind1=" " ind2="7"><subfield code="a">Subjektivität</subfield><subfield code="0">(DE-Frei129)00023527</subfield><subfield code="0">(DE-588)4058323-5</subfield><subfield code="2">gnd</subfield></datafield><datafield tag="650" ind1=" " ind2="7"><subfield code="a">Kinderliteratur</subfield><subfield code="0">(DE-Frei129)00012736</subfield><subfield code="0">(DE-588)4073409-2</subfield><subfield code="2">gnd</subfield></datafield><datafield tag="650" ind1=" " ind2="7"><subfield code="a">Jugendliteratur</subfield><subfield code="0">(DE-Frei129)00012735</subfield><subfield code="0">(DE-588)4028911-4</subfield><subfield code="2">gnd</subfield></datafield><datafield tag="650" ind1=" " ind2="7"><subfield code="a">Children&apos;s literature</subfield><subfield code="0">(DE-Frei129)00243962</subfield><subfield code="2">local</subfield></datafield><datafield tag="650" ind1=" " ind2="7"><subfield code="a">History and criticism</subfield><subfield code="0">(DE-Frei129)00238650</subfield><subfield code="2">local</subfield></datafield><datafield tag="650" ind1=" " ind2="7"><subfield code="a">Theory, etc</subfield><subfield code="0">(DE-Frei129)02349842</subfield><subfield code="2">local</subfield></datafield><datafield tag="650" ind1=" " ind2="7"><subfield code="a">Psychological aspects</subfield><subfield code="0">(DE-Frei129)00228295</subfield><subfield code="2">local</subfield></datafield><datafield tag="651" ind1=" " ind2="7"><subfield code="a">Motiv</subfield><subfield code="0">(DE-Frei129)00757372</subfield><subfield code="2">local</subfield></datafield><datafield tag="689" ind1="0" ind2="0"><subfield code="A">s</subfield><subfield code="a">Children&apos;s literature / History and criticism / Theory, etc</subfield><subfield code="5">DE-101</subfield></datafield><datafield tag="689" ind1="1" ind2="0"><subfield code="A">s</subfield><subfield code="a">Other (Philosophy) in literature</subfield><subfield code="5">DE-101</subfield></datafield><datafield tag="689" ind1="2" ind2="0"><subfield code="A">s</subfield><subfield code="a">Power (Philosophy) in literature</subfield><subfield code="5">DE-101</subfield></datafield><datafield tag="689" ind1="3" ind2="0"><subfield code="A">s</subfield><subfield code="a">Voice in literature</subfield><subfield code="5">DE-101</subfield></datafield><datafield tag="689" ind1="4" ind2="0"><subfield code="A">s</subfield><subfield code="a">Subjectivity in literature</subfield><subfield code="5">DE-101</subfield></datafield><datafield tag="689" ind1="5" ind2="0"><subfield code="A">s</subfield><subfield code="a">Children&apos;s literature / Psychological aspects</subfield><subfield code="5">DE-101</subfield></datafield><datafield tag="689" ind1="6" ind2="0"><subfield code="0">(DE-588)4168422-9</subfield><subfield code="D">s</subfield><subfield code="a">Macht / Motiv </subfield></datafield><datafield tag="689" ind1="6" ind2="1"><subfield code="A">s</subfield><subfield code="a">Motiv </subfield></datafield><datafield tag="689" ind1="6" ind2="2"><subfield code="0">(DE-588)4221636-9</subfield><subfield code="D">s</subfield><subfield code="a">Stimme / Motiv </subfield></datafield><datafield tag="689" ind1="6" ind2="3"><subfield code="0">(DE-588)4058323-5</subfield><subfield code="D">s</subfield><subfield code="a">Subjektivität </subfield></datafield><datafield tag="689" ind1="6" ind2="4"><subfield code="0">(DE-588)4073409-2</subfield><subfield code="D">s</subfield><subfield code="a">Kinderliteratur </subfield></datafield><datafield tag="689" ind1="6" ind2="5"><subfield code="0">(DE-588)4028911-4</subfield><subfield code="D">s</subfield><subfield code="a">Jugendliteratur</subfield><subfield code="5">DE-101</subfield></datafield><datafield tag="689" ind1="7" ind2="0"><subfield code="A">s</subfield><subfield code="a">Children&apos;s literature </subfield></datafield><datafield tag="689" ind1="7" ind2="1"><subfield code="A">s</subfield><subfield code="a">History and criticism </subfield></datafield><datafield tag="689" ind1="7" ind2="2"><subfield code="A">s</subfield><subfield code="a">Theory, etc</subfield><subfield code="5">DE-101</subfield></datafield><datafield tag="689" ind1="8" ind2="0"><subfield code="A">s</subfield><subfield code="a">Children&apos;s literature </subfield></datafield><datafield tag="689" ind1="8" ind2="1"><subfield code="A">s</subfield><subfield code="a">Psychological aspects</subfield><subfield code="5">DE-101</subfield></datafield><datafield tag="830" ind1=" " ind2="0"><subfield code="a">Children&apos;s literature and culture</subfield><subfield code="v">67</subfield><subfield code="w">(DE-Frei129)03078307</subfield><subfield code="9">267</subfield></datafield><datafield tag="852" ind1=" " ind2=" "><subfield code="a">Frei 129</subfield><subfield code="b">PHFR</subfield><subfield code="c">EC 8301 N693</subfield></datafield><datafield tag="856" ind1="4" ind2=" "><subfield code="8">00</subfield><subfield code="u">http://external.dandelon.com/download/attachments/dandelon/ids/DE00688DDE6C1DB7DBB52C1257657003EA975.pdf</subfield><subfield code="y">Inhaltsverzeichnis</subfield></datafield><datafield tag="856" ind1="4" ind2=" "><subfield code="8">01</subfield><subfield code="u">https://external.dandelon.com/download/attachments/dandelon/ids/DE00688DDE6C1DB7DBB52C1257657003EA975.pdf</subfield><subfield code="y">Verlagsinformation</subfield></datafield><datafield tag="980" ind1="0" ind2=" "><subfield code="a">00208792</subfield><subfield code="9">(PHFR)</subfield><subfield code="b">2.OG (35)</subfield><subfield code="c">EC 8301 N693</subfield><subfield code="d">Standardleihe (01)</subfield><subfield code="e">Verfügbar (X)</subfield></datafield></record>