
<record><leader>04289nam a2200000uu 4500</leader><controlfield tag="001">02316661</controlfield><controlfield tag="003">DE-Frei129</controlfield><controlfield tag="005">20220811084052.0</controlfield><controlfield tag="007">tu</controlfield><controlfield tag="008">081217s2010    ||||||||||||||||||||ger||</controlfield><datafield tag="015" ind1=" " ind2=" "><subfield code="a">09,N01,1838</subfield></datafield><datafield tag="016" ind1="7" ind2=" "><subfield code="a">991627164</subfield><subfield code="2">DE-101</subfield></datafield><datafield tag="020" ind1=" " ind2=" "><subfield code="a">9783498057848</subfield><subfield code="9">9783498057848</subfield><subfield code="c">Gb. : sfr 23.80 (freier Pr.), EUR 12.90, EUR 13.30 (AT)</subfield></datafield><datafield tag="024" ind1="3" ind2=" "><subfield code="a">9783498057848</subfield></datafield><datafield tag="035" ind1=" " ind2=" "><subfield code="a">(DE-576)588214337</subfield></datafield><datafield tag="041" ind1=" " ind2=" "><subfield code="a">ger</subfield></datafield><datafield tag="044" ind1=" " ind2=" "><subfield code="c">XA-DE-SH</subfield></datafield><datafield tag="100" ind1="1" ind2=" "><subfield code="a">Rogge, Jan-Uwe</subfield><subfield code="0">(DE-Frei129)00045966</subfield><subfield code="0">(DE-588)118127772</subfield></datafield><datafield tag="245" ind1="1" ind2="4"><subfield code="a">Der Erziehungstest - 111 Fragen und Antworten</subfield><subfield code="c">Jan-Uwe Rogge</subfield></datafield><datafield tag="246" ind1="1" ind2="3"><subfield code="a">Nenent.: Der Erziehungsratgeber - hundertelf Fragen und Antworten</subfield></datafield><datafield tag="250" ind1=" " ind2=" "><subfield code="a">1. Aufl.</subfield></datafield><datafield tag="260" ind1="3" ind2=" "><subfield code="a">Reinbek bei Hamburg</subfield><subfield code="b">Rowohlt</subfield><subfield code="c">2010</subfield></datafield><datafield tag="300" ind1=" " ind2=" "><subfield code="a">252 Seiten</subfield><subfield code="b">Ill.</subfield><subfield code="c">205 mm x 125 mm</subfield></datafield><datafield tag="500" ind1=" " ind2=" "><subfield code="a">IMD-Felder maschinell generiert (GBV)</subfield></datafield><datafield tag="520" ind1=" " ind2=" "><subfield code="a">111 Situationen, die so oder ähnlich in vielen Familien vorkommen. Schwerpunkte bilden die Bereiche Grenzen setzen, Sozialverhalten, entwicklungstypische Konflikte bei Kindern bis zur Pubertät</subfield></datafield><datafield tag="650" ind1=" " ind2="7"><subfield code="a">Erziehung</subfield><subfield code="0">(DE-Frei129)00001468</subfield><subfield code="0">(DE-588)4015482-8</subfield><subfield code="2">gnd</subfield></datafield><datafield tag="650" ind1=" " ind2="7"><subfield code="a">Quiz</subfield><subfield code="0">(DE-Frei129)00019942</subfield><subfield code="0">(DE-588)4048095-1</subfield><subfield code="2">gnd</subfield></datafield><datafield tag="689" ind1="0" ind2="0"><subfield code="0">(DE-588)4015482-8</subfield><subfield code="D">s</subfield><subfield code="a">Erziehung</subfield><subfield code="5">DE-101</subfield></datafield><datafield tag="689" ind1="1" ind2="0"><subfield code="0">(DE-588)4015482-8</subfield><subfield code="D">s</subfield><subfield code="a">Erziehung </subfield></datafield><datafield tag="689" ind1="1" ind2="1"><subfield code="0">(DE-588)4048095-1</subfield><subfield code="D">s</subfield><subfield code="a">Quiz</subfield><subfield code="5">DE-101</subfield></datafield><datafield tag="852" ind1=" " ind2=" "><subfield code="a">Frei129</subfield><subfield code="c">Paed G 290: 200</subfield></datafield><datafield tag="856" ind1="4" ind2=" "><subfield code="8">00</subfield><subfield code="u">http://d-nb.info/991627164/04</subfield><subfield code="y">Inhaltsverzeichnis</subfield></datafield><datafield tag="856" ind1="4" ind2=" "><subfield code="8">01</subfield><subfield code="u">http://d-nb.info/991627164/04</subfield><subfield code="y">Verlagsinformation</subfield></datafield><datafield tag="980" ind1="0" ind2=" "><subfield code="a">00214485</subfield><subfield code="9">(PHFR)</subfield><subfield code="b">EG-Anbau (32)</subfield><subfield code="c">Paed G 290: 200</subfield><subfield code="d">Standardleihe (01)</subfield><subfield code="e">Verfügbar (X)</subfield></datafield></record>