
<record><leader>01846nam a2200000uuc4500</leader><controlfield tag="001">02312926</controlfield><controlfield tag="003">DE-Frei129</controlfield><controlfield tag="005">20220811084052.0</controlfield><controlfield tag="007">tu</controlfield><controlfield tag="008">100121s2010    ||||||||||||||||||||eng||</controlfield><datafield tag="020" ind1=" " ind2=" "><subfield code="a">9783140401012</subfield><subfield code="9">9783140401012</subfield></datafield><datafield tag="024" ind1="3" ind2=" "><subfield code="a">9783140401012</subfield></datafield><datafield tag="035" ind1=" " ind2=" "><subfield code="a">(DE-576)1373696621</subfield></datafield><datafield tag="041" ind1=" " ind2=" "><subfield code="a">eng</subfield></datafield><datafield tag="245" ind1="1" ind2="0"><subfield code="a">Africa</subfield><subfield code="b">postcolonial experiences</subfield><subfield code="n">Teacher&apos;s book</subfield><subfield code="c">by Monika Teichmann</subfield></datafield><datafield tag="260" ind1="3" ind2=" "><subfield code="a">Paderborn</subfield><subfield code="b">Schöningh</subfield><subfield code="c">2010</subfield></datafield><datafield tag="300" ind1=" " ind2=" "><subfield code="a">95 Seiten</subfield></datafield><datafield tag="773" ind1="0" ind2="8"><subfield code="w">(DE-Frei129)02312922</subfield><subfield code="q">TEACHER&apos;S BOOK</subfield></datafield><datafield tag="852" ind1=" " ind2=" "><subfield code="a">Frei129</subfield><subfield code="c">HD 435 T262 L</subfield></datafield><datafield tag="980" ind1="0" ind2=" "><subfield code="a">00290539</subfield><subfield code="9">(PHFR)</subfield><subfield code="b">Handbibliothek (50)</subfield><subfield code="c">Fre N 810: 52 L</subfield><subfield code="d">Handbibliothek - nie verleihbar (54)</subfield><subfield code="e">Verfügbar (X)</subfield></datafield></record>