
<record><leader>03327nam a2200000uuc4500</leader><controlfield tag="001">02212935</controlfield><controlfield tag="003">DE-Frei129</controlfield><controlfield tag="005">20220811084052.0</controlfield><controlfield tag="007">tu</controlfield><controlfield tag="008">130219s2010    ||||||||||||||||||||ger||</controlfield><datafield tag="020" ind1=" " ind2=" "><subfield code="a">9783898188326</subfield><subfield code="9">9783898188326</subfield></datafield><datafield tag="024" ind1="3" ind2=" "><subfield code="a">9783898188326</subfield></datafield><datafield tag="035" ind1=" " ind2=" "><subfield code="a">(DE-576)1448909317</subfield></datafield><datafield tag="041" ind1=" " ind2=" "><subfield code="a">ger</subfield></datafield><datafield tag="245" ind1="1" ind2="0"><subfield code="a">Duden, Lesebuch</subfield><subfield code="n">2, [Hauptbd.]</subfield><subfield code="c">hrsg. von Franz Werthmann. Erarb. von Jutta Fiedler ...</subfield></datafield><datafield tag="250" ind1=" " ind2=" "><subfield code="a">2. Aufl.</subfield></datafield><datafield tag="260" ind1="3" ind2=" "><subfield code="a">Berlin ; Mannheim</subfield><subfield code="b">Duden Schulbuchverl.</subfield><subfield code="c">2010</subfield></datafield><datafield tag="300" ind1=" " ind2=" "><subfield code="a">199 Seiten</subfield></datafield><datafield tag="490" ind1="1" ind2=" "><subfield code="a">Duden, Lesebuch. - 2, CD. Hörtexte</subfield></datafield><datafield tag="500" ind1=" " ind2=" "><subfield code="a">Archivierung/Langzeitarchivierung gewährleistet</subfield></datafield><datafield tag="773" ind1="0" ind2="8"><subfield code="w">(DE-Frei129)00273513</subfield><subfield code="q">12HAUP1242010</subfield></datafield><datafield tag="787" ind1="0" ind2="8"><subfield code="a">Sprecher: Dagmar Kötting ...</subfield><subfield code="i">Hörtexte zum Bd. 2</subfield><subfield code="t">Hörtexte</subfield><subfield code="w">(DE-Frei129)23026953</subfield><subfield code="w">(DE-576)1448909406</subfield></datafield><datafield tag="852" ind1=" " ind2=" "><subfield code="a">Frei 129</subfield><subfield code="b">PHFR</subfield><subfield code="c">GB 3000 I D845 -2(2)</subfield></datafield><datafield tag="856" ind1="4" ind2=" "><subfield code="8">00</subfield><subfield code="u">http://swbplus.bsz-bw.de/bsz378909312cov.htm</subfield><subfield code="y">Cover</subfield></datafield><datafield tag="980" ind1="0" ind2=" "><subfield code="a">00349311</subfield><subfield code="9">(PHFR)</subfield><subfield code="b">2.OG (35)</subfield><subfield code="c">GB 3000 I D845 -2(2)</subfield><subfield code="d">Standardleihe (01)</subfield><subfield code="e">Verfügbar (X)</subfield></datafield><datafield tag="980" ind1="0" ind2=" "><subfield code="a">00349312</subfield><subfield code="9">(PHFR)</subfield><subfield code="b">2.OG (35)</subfield><subfield code="c">GB 3000 I D845 -2(2)+1</subfield><subfield code="d">Präsenzbestand II (51)</subfield><subfield code="e">Verfügbar (X)</subfield></datafield><datafield tag="980" ind1="0" ind2=" "><subfield code="a">00379791</subfield><subfield code="9">(PHFR)</subfield><subfield code="b">Handbibliothek (50)</subfield><subfield code="c">Deu O 310: 92,2</subfield><subfield code="d">Handbibliothek - nie verleihbar (54)</subfield><subfield code="e">Verfügbar (X)</subfield></datafield></record>