
<record><leader>04246nam a2200000uu 4500</leader><controlfield tag="001">02188120</controlfield><controlfield tag="003">DE-Frei129</controlfield><controlfield tag="005">20220811084052.0</controlfield><controlfield tag="007">tu</controlfield><controlfield tag="008">091216s2010    ||||||||||||||||||||ger||</controlfield><datafield tag="015" ind1=" " ind2=" "><subfield code="a">10,A26</subfield></datafield><datafield tag="016" ind1="7" ind2=" "><subfield code="a">998801275</subfield><subfield code="2">DE-101</subfield></datafield><datafield tag="020" ind1=" " ind2=" "><subfield code="a">9783283011185</subfield><subfield code="9">9783283011185</subfield><subfield code="c">kart. : EUR 29.95, sfr 49.90 (freier Pr.)</subfield></datafield><datafield tag="024" ind1="3" ind2=" "><subfield code="a">9783283011185</subfield></datafield><datafield tag="024" ind1="3" ind2=" "><subfield code="a">9783283011185</subfield></datafield><datafield tag="035" ind1=" " ind2=" "><subfield code="a">(DE-576)615165958</subfield></datafield><datafield tag="041" ind1=" " ind2=" "><subfield code="a">ger</subfield><subfield code="h">eng</subfield></datafield><datafield tag="044" ind1=" " ind2=" "><subfield code="c">XA-CH</subfield></datafield><datafield tag="245" ind1="1" ind2="0"><subfield code="a">1001 Bücher - die Sie lesen sollten, bevor das Leben vorbei ist</subfield><subfield code="c">Vorw. von Peter Ackroyd. Hrsg. von Peter Boxall. [Übers.: Maja Ueberle; Thomas Marti]</subfield></datafield><datafield tag="246" ind1="1" ind2="0"><subfield code="a">Tausendundeins Bücher die Sie lesen sollten, bevor das Leben vorbei ist</subfield></datafield><datafield tag="246" ind1="1" ind2="3"><subfield code="a">1001 books you must read before you die</subfield></datafield><datafield tag="250" ind1=" " ind2=" "><subfield code="a">3., aktualisierte Aufl.</subfield></datafield><datafield tag="260" ind1="3" ind2=" "><subfield code="a">Zürich</subfield><subfield code="b">Ed. Olms</subfield><subfield code="c">2010</subfield></datafield><datafield tag="300" ind1=" " ind2=" "><subfield code="a">960 Seiten</subfield><subfield code="b">zahlr. Ill.</subfield><subfield code="c">21 cm</subfield></datafield><datafield tag="490" ind1="0" ind2=" "><subfield code="a">A Quintet book</subfield></datafield><datafield tag="500" ind1=" " ind2=" "><subfield code="a">IMD-Felder maschinell generiert (GBV)</subfield></datafield><datafield tag="650" ind1=" " ind2="7"><subfield code="a">Lektüre</subfield><subfield code="0">(DE-Frei129)00015251</subfield><subfield code="0">(DE-588)4035296-1</subfield><subfield code="2">gnd</subfield></datafield><datafield tag="689" ind1="0" ind2="0"><subfield code="0">(DE-588)4035296-1</subfield><subfield code="D">s</subfield><subfield code="a">Lektüre</subfield><subfield code="5">DE-101</subfield></datafield><datafield tag="700" ind1="1" ind2=" "><subfield code="0">(DE-Frei129)58042154</subfield><subfield code="a">Ackroyd, Peter</subfield><subfield code="4">oth</subfield></datafield><datafield tag="700" ind1="1" ind2=" "><subfield code="0">(DE-588)1043450238</subfield><subfield code="0">(DE-Frei129)00951342</subfield><subfield code="a">Boxall, Peter</subfield><subfield code="4">Hrsg.</subfield></datafield><datafield tag="852" ind1=" " ind2=" "><subfield code="a">Frei 129</subfield><subfield code="b">PHFR</subfield><subfield code="c">EC 6660 B788 (3)</subfield></datafield><datafield tag="856" ind1="4" ind2=" "><subfield code="8">00</subfield><subfield code="u">http://external.dandelon.com/download/attachments/dandelon/ids/AT001B29F702CB341135EC125785D00388FDF.pdf</subfield><subfield code="y">Inhaltsverzeichnis</subfield></datafield><datafield tag="856" ind1="4" ind2=" "><subfield code="8">01</subfield><subfield code="u">https://external.dandelon.com/download/attachments/dandelon/ids/AT001B29F702CB341135EC125785D00388FDF.pdf</subfield><subfield code="y">Verlagsinformation</subfield></datafield><datafield tag="980" ind1="0" ind2=" "><subfield code="a">00209943</subfield><subfield code="9">(PHFR)</subfield><subfield code="b">2.OG (35)</subfield><subfield code="c">EC 6660 B788 (3)</subfield><subfield code="d">Standardleihe (01)</subfield><subfield code="e">Verfügbar (X)</subfield></datafield></record>