
<record><leader>02430nam a2200000uub4500</leader><controlfield tag="001">02176772</controlfield><controlfield tag="003">DE-Frei129</controlfield><controlfield tag="005">20220811084052.0</controlfield><controlfield tag="007">tu</controlfield><controlfield tag="008">110519s2010    ||||||||||||||||||||ger||</controlfield><datafield tag="020" ind1=" " ind2=" "><subfield code="a">9783640773480</subfield><subfield code="9">9783640773480</subfield></datafield><datafield tag="035" ind1=" " ind2=" "><subfield code="a">(DE-576)1414685335</subfield></datafield><datafield tag="041" ind1=" " ind2=" "><subfield code="a">ger</subfield></datafield><datafield tag="044" ind1=" " ind2=" "><subfield code="c">XA-DE-BY</subfield></datafield><datafield tag="100" ind1="1" ind2=" "><subfield code="a">Hirschberg, Irene</subfield><subfield code="0">(DE-Frei129)00761008</subfield><subfield code="0">(DE-588)12998602X</subfield><subfield code="4">aut</subfield></datafield><datafield tag="245" ind1="1" ind2="0"><subfield code="a">Bewertung und Wirkung von evidenzbasierten Gesundheitsinformationen – die Perspektive der Nutzer</subfield><subfield code="b">Public Health</subfield><subfield code="c">Irene Hirschberg</subfield></datafield><datafield tag="260" ind1="3" ind2=" "><subfield code="a">München</subfield><subfield code="b">GRIN-Verl.</subfield><subfield code="c">2010</subfield></datafield><datafield tag="300" ind1=" " ind2=" "><subfield code="a">96 Seiten</subfield><subfield code="b">graph. Darst.</subfield></datafield><datafield tag="490" ind1="1" ind2=" "><subfield code="a">Patientenorientierung und Gesundheitskompetenz </subfield><subfield code="v">Bd. 1</subfield></datafield><datafield tag="830" ind1=" " ind2="0"><subfield code="a">Patientenorientierung und Gesundheitskompetenz</subfield><subfield code="v">Bd. 1</subfield><subfield code="w">(DE-Frei129)02176280</subfield><subfield code="9">11</subfield></datafield><datafield tag="852" ind1=" " ind2=" "><subfield code="a">Frei 129</subfield><subfield code="b">PHFR</subfield><subfield code="c">MS 6200 H669</subfield></datafield><datafield tag="980" ind1="0" ind2=" "><subfield code="a">00340033</subfield><subfield code="9">(PHFR)</subfield><subfield code="b">Handbibliothek (50)</subfield><subfield code="c">Soz K 500: 130</subfield><subfield code="d">Handbibliothek - nie verleihbar (54)</subfield><subfield code="e">Verfügbar (X)</subfield></datafield></record>