
<record><leader>06750nam a2200000uu 4500</leader><controlfield tag="001">02142824</controlfield><controlfield tag="003">DE-Frei129</controlfield><controlfield tag="005">20220811084052.0</controlfield><controlfield tag="007">tu</controlfield><controlfield tag="008">100206s2010    ||||||||||||||||||||ger||</controlfield><datafield tag="015" ind1=" " ind2=" "><subfield code="a">10,N04</subfield></datafield><datafield tag="016" ind1="7" ind2=" "><subfield code="a">999377310</subfield><subfield code="2">DE-101</subfield></datafield><datafield tag="020" ind1=" " ind2=" "><subfield code="a">9783899242843</subfield><subfield code="9">9783899242843</subfield><subfield code="c">PB. : EUR 48.00</subfield></datafield><datafield tag="024" ind1="3" ind2=" "><subfield code="a">9783899242843</subfield></datafield><datafield tag="035" ind1=" " ind2=" "><subfield code="a">(DE-576)617977844</subfield></datafield><datafield tag="041" ind1=" " ind2=" "><subfield code="a">ger</subfield></datafield><datafield tag="044" ind1=" " ind2=" "><subfield code="c">XA-DE-NW</subfield></datafield><datafield tag="245" ind1="1" ind2="0"><subfield code="a">Sozialpädagogik und Integration</subfield><subfield code="b">Beiträge zu theoretischen Grundlagen, Handlungskonzepten und Arbeitsfeldern</subfield><subfield code="c">Bernd R. Birgmeier; Eric Mührel (Hrsg.) ...</subfield></datafield><datafield tag="260" ind1="3" ind2=" "><subfield code="a">Essen</subfield><subfield code="b">Die Blaue Eule</subfield><subfield code="c">2010</subfield></datafield><datafield tag="300" ind1=" " ind2=" "><subfield code="a">394 Seiten</subfield><subfield code="b">Ill., graph. Darst.</subfield><subfield code="c">210 mm x 148 mm</subfield></datafield><datafield tag="490" ind1="1" ind2=" "><subfield code="a">Sozialpädagogik und Soziale Arbeit in der Blauen Eule </subfield><subfield code="v">16</subfield></datafield><datafield tag="500" ind1=" " ind2=" "><subfield code="a">Literaturangaben</subfield></datafield><datafield tag="500" ind1=" " ind2=" "><subfield code="a">Enth. 14 Beitr.</subfield></datafield><datafield tag="500" ind1=" " ind2=" "><subfield code="a">IMD-Felder maschinell generiert (GBV)</subfield></datafield><datafield tag="650" ind1=" " ind2="7"><subfield code="a">Sozialarbeit</subfield><subfield code="0">(DE-Frei129)00008803</subfield><subfield code="0">(DE-588)4055676-1</subfield><subfield code="2">gnd</subfield></datafield><datafield tag="650" ind1=" " ind2="7"><subfield code="a">Sozialpädagogik</subfield><subfield code="0">(DE-Frei129)00022401</subfield><subfield code="0">(DE-588)4055864-2</subfield><subfield code="2">gnd</subfield></datafield><datafield tag="650" ind1=" " ind2="7"><subfield code="a">Sozialarbeit</subfield><subfield code="0">(DE-Frei129)00008803</subfield><subfield code="0">(DE-588)4055676-1</subfield><subfield code="2">gnd</subfield></datafield><datafield tag="650" ind1=" " ind2="7"><subfield code="a">Integration</subfield><subfield code="0">(DE-Frei129)00012058</subfield><subfield code="0">(DE-588)4027238-2</subfield><subfield code="2">gnd</subfield></datafield><datafield tag="650" ind1=" " ind2="7"><subfield code="a">Schule</subfield><subfield code="0">(DE-Frei129)00003193</subfield><subfield code="0">(DE-588)4053474-1</subfield><subfield code="2">gnd</subfield></datafield><datafield tag="650" ind1=" " ind2="7"><subfield code="a">Soziale Ungleichheit</subfield><subfield code="0">(DE-Frei129)00022449</subfield><subfield code="0">(DE-588)4055736-4</subfield><subfield code="2">gnd</subfield></datafield><datafield tag="650" ind1=" " ind2="7"><subfield code="a">Arbeitsfeld</subfield><subfield code="0">(DE-Frei129)00044469</subfield><subfield code="0">(DE-588)4128946-8</subfield><subfield code="2">gnd</subfield></datafield><datafield tag="689" ind1="0" ind2="0"><subfield code="0">(DE-588)4055864-2</subfield><subfield code="D">s</subfield><subfield code="a">Sozialpädagogik </subfield></datafield><datafield tag="689" ind1="0" ind2="1"><subfield code="0">(DE-588)4055676-1</subfield><subfield code="D">s</subfield><subfield code="a">Sozialarbeit</subfield><subfield code="5">DE-101</subfield></datafield><datafield tag="689" ind1="1" ind2="0"><subfield code="0">(DE-588)4055864-2</subfield><subfield code="D">s</subfield><subfield code="a">Sozialpädagogik </subfield></datafield><datafield tag="689" ind1="1" ind2="1"><subfield code="0">(DE-588)4055676-1</subfield><subfield code="D">s</subfield><subfield code="a">Sozialarbeit </subfield></datafield><datafield tag="689" ind1="1" ind2="2"><subfield code="0">(DE-588)4027238-2</subfield><subfield code="D">s</subfield><subfield code="a">Integration </subfield></datafield><datafield tag="689" ind1="1" ind2="3"><subfield code="0">(DE-588)4053474-1</subfield><subfield code="D">s</subfield><subfield code="a">Schule </subfield></datafield><datafield tag="689" ind1="1" ind2="4"><subfield code="0">(DE-588)4055736-4</subfield><subfield code="D">s</subfield><subfield code="a">Soziale Ungleichheit </subfield></datafield><datafield tag="689" ind1="1" ind2="5"><subfield code="0">(DE-588)4128946-8</subfield><subfield code="D">s</subfield><subfield code="a">Arbeitsfeld</subfield><subfield code="5">DE-101</subfield></datafield><datafield tag="700" ind1="1" ind2=" "><subfield code="0">(DE-588)124478158</subfield><subfield code="0">(DE-Frei129)00278797</subfield><subfield code="a">Birgmeier, Bernd</subfield><subfield code="4">Hrsg.</subfield></datafield><datafield tag="700" ind1="1" ind2=" "><subfield code="0">(DE-588)115568204</subfield><subfield code="0">(DE-Frei129)00193737</subfield><subfield code="a">Mührel, Eric</subfield><subfield code="4">oth</subfield></datafield><datafield tag="830" ind1=" " ind2="0"><subfield code="a">Sozialpädagogik und soziale Arbeit in der Blauen Eule</subfield><subfield code="v">16</subfield><subfield code="w">(DE-Frei129)00638138</subfield><subfield code="9">216</subfield></datafield><datafield tag="852" ind1=" " ind2=" "><subfield code="a">Frei129</subfield><subfield code="c">Paed U 100: 259</subfield></datafield><datafield tag="856" ind1="4" ind2=" "><subfield code="8">00</subfield><subfield code="u">http://d-nb.info/999377310/04</subfield><subfield code="y">Inhaltsverzeichnis</subfield></datafield><datafield tag="856" ind1="4" ind2=" "><subfield code="8">01</subfield><subfield code="u">http://d-nb.info/999377310/04</subfield><subfield code="y">Inhaltsverzeichnis</subfield></datafield><datafield tag="980" ind1="0" ind2=" "><subfield code="a">00210647</subfield><subfield code="9">(PHFR)</subfield><subfield code="b">EG-Anbau (32)</subfield><subfield code="c">Paed U 100: 259</subfield><subfield code="d">Standardleihe (01)</subfield><subfield code="e">Verfügbar (X)</subfield></datafield></record>