
<record><leader>03278nam a2200000uu 4500</leader><controlfield tag="001">01951270</controlfield><controlfield tag="003">DE-Frei129</controlfield><controlfield tag="005">20220811084052.0</controlfield><controlfield tag="007">tu</controlfield><controlfield tag="008">110204s2010    ||||||||||||||||||||ger||</controlfield><datafield tag="015" ind1=" " ind2=" "><subfield code="a">10,A45</subfield></datafield><datafield tag="016" ind1="7" ind2=" "><subfield code="a">1007232137</subfield><subfield code="2">DE-101</subfield></datafield><datafield tag="020" ind1=" " ind2=" "><subfield code="a">9783802964367</subfield><subfield code="9">978-3-8029-6436-7</subfield><subfield code="c">kart.</subfield></datafield><datafield tag="035" ind1=" " ind2=" "><subfield code="a">(DE-576)636384764</subfield></datafield><datafield tag="041" ind1=" " ind2=" "><subfield code="a">ger</subfield></datafield><datafield tag="044" ind1=" " ind2=" "><subfield code="c">XA-DE</subfield></datafield><datafield tag="100" ind1="1" ind2=" "><subfield code="a">Volz, Heinz</subfield><subfield code="0">(DE-Frei129)30001097</subfield></datafield><datafield tag="245" ind1="1" ind2="0"><subfield code="a">Überleben in Natur und Umwelt</subfield><subfield code="b">mit einfachen Mitteln Gefahren meistern; mit ABC-Teil und Ausbildungsplan</subfield><subfield code="c">Heinz Volz</subfield></datafield><datafield tag="250" ind1=" " ind2=" "><subfield code="a">14., aktualisierte Aufl.</subfield></datafield><datafield tag="260" ind1="3" ind2=" "><subfield code="a">Regensburg</subfield><subfield code="b">Walhalla-Fachverl.</subfield><subfield code="c">2010</subfield></datafield><datafield tag="300" ind1=" " ind2=" "><subfield code="a">575  Seiten</subfield><subfield code="b">Ill., graph. Darst., Kt.</subfield><subfield code="c">17 cm</subfield></datafield><datafield tag="500" ind1=" " ind2=" "><subfield code="a">5090: ddsu/sred</subfield></datafield><datafield tag="650" ind1=" " ind2="7"><subfield code="a">Überleben</subfield><subfield code="0">(DE-Frei129)00024584</subfield><subfield code="0">(DE-588)4117273-5</subfield><subfield code="2">gnd</subfield></datafield><datafield tag="655" ind1=" " ind2="7"><subfield code="a">Ratgeber</subfield><subfield code="0">(DE-Frei129)00000013</subfield><subfield code="2">local</subfield></datafield><datafield tag="689" ind1="0" ind2="0"><subfield code="0">(DE-588)4117273-5</subfield><subfield code="D">s</subfield><subfield code="a">Überleben </subfield></datafield><datafield tag="689" ind1="0" ind2="1"><subfield code="A">s</subfield><subfield code="a">Ratgeber</subfield><subfield code="5">DE-101</subfield></datafield><datafield tag="852" ind1=" " ind2=" "><subfield code="a">Frei129</subfield><subfield code="c">Bio E 660: 64</subfield></datafield><datafield tag="856" ind1="4" ind2=" "><subfield code="8">00</subfield><subfield code="u">http://d-nb.info/1007232137/04</subfield><subfield code="y">Inhaltsverzeichnis</subfield></datafield><datafield tag="980" ind1="0" ind2=" "><subfield code="a">00217660</subfield><subfield code="9">(PHFR)</subfield><subfield code="b">UG (33)</subfield><subfield code="c">Bio E 660: 64</subfield><subfield code="d">Standardleihe (01)</subfield><subfield code="e">Verfügbar (X)</subfield></datafield></record>