
<record><leader>07021nam a2200000uu 4500</leader><controlfield tag="001">01849642</controlfield><controlfield tag="003">DE-Frei129</controlfield><controlfield tag="005">20220811084052.0</controlfield><controlfield tag="007">tu</controlfield><controlfield tag="008">091111s2010    ||||||||||||||||||||ger||</controlfield><datafield tag="015" ind1=" " ind2=" "><subfield code="a">10,A06</subfield></datafield><datafield tag="016" ind1="7" ind2=" "><subfield code="a">997834986</subfield><subfield code="2">DE-101</subfield></datafield><datafield tag="020" ind1=" " ind2=" "><subfield code="a">9783427401506</subfield><subfield code="9">9783427401506</subfield><subfield code="c">kart. : EUR 17.45</subfield></datafield><datafield tag="024" ind1="3" ind2=" "><subfield code="a">9783427401506</subfield></datafield><datafield tag="035" ind1=" " ind2=" "><subfield code="a">(DE-576)612602435</subfield></datafield><datafield tag="041" ind1=" " ind2=" "><subfield code="a">ger</subfield></datafield><datafield tag="044" ind1=" " ind2=" "><subfield code="c">XA-DE</subfield><subfield code="c">XA-DE-NW</subfield></datafield><datafield tag="100" ind1="1" ind2=" "><subfield code="a">Quaas, Beate</subfield><subfield code="0">(DE-Frei129)00299805</subfield><subfield code="0">(DE-588)124393985</subfield></datafield><datafield tag="245" ind1="1" ind2="0"><subfield code="a">Lernsituationen Musik für sozialpädagogische Berufe</subfield><subfield code="c">Beate Quaas</subfield></datafield><datafield tag="250" ind1=" " ind2=" "><subfield code="a">1. Aufl.</subfield></datafield><datafield tag="260" ind1="3" ind2=" "><subfield code="a">Troisdorf</subfield><subfield code="b">Bildungsverl. EINS</subfield><subfield code="c">2010</subfield></datafield><datafield tag="300" ind1=" " ind2=" "><subfield code="a">136 Seiten</subfield><subfield code="b">Ill.</subfield><subfield code="c">24 cm</subfield></datafield><datafield tag="500" ind1=" " ind2=" "><subfield code="a">Literaturangaben</subfield></datafield><datafield tag="500" ind1=" " ind2=" "><subfield code="a">IMD-Felder maschinell generiert (GBV)</subfield></datafield><datafield tag="520" ind1=" " ind2=" "><subfield code="a">Aktiv Musik machen ist Teil unserer Kultur. 24 Anwendungsbeispiele auch für musikalisch nicht vorgebildete Pädagogen leisten hierzu Hilfestellung. (Claudia Niebel)</subfield></datafield><datafield tag="520" ind1=" " ind2=" "><subfield code="a">Eigentlich ist Musik rund um die Uhr verfügbar - auf Tonträgern, aus dem Netz, dem Rundfunk, beim Einkauf, beim Zahnarzt. So gesehen besteht kein Anlass, sich um die musikalische Versorgung der Menschheit Gedanken machen zu müssen. Und doch: Musik als Alltagskultur hat ihre Bedeutung verloren. Vergleichsweise wenige machen noch selbst Musik oder singen ihre Kinder in den Schlaf. Beate Quaas, in der Weiterbildung für Sozialpädagogen tätig (zuletzt &quot;Alles wird Musik&quot;, BA 6/03), gibt hier konkrete Handlungsanleitungen zum Umgang mit Musik mit Kindern und Jugendlichen. Didaktisch-methodisch bestens aufbereitet, mit ausführlichen Angaben zum Workload, Materialbedarf und zum Einsatz in entsprechendem Kontext, dabei übersichtlich gestaltet und ansprechend bebildert. Für Schulbibliotheken ein Muss, ansonsten breit empfohlen. (2 S) (Claudia Niebel)</subfield></datafield><datafield tag="650" ind1=" " ind2="7"><subfield code="a">Berufsfeld</subfield><subfield code="0">(DE-Frei129)00003374</subfield><subfield code="0">(DE-588)4005895-5</subfield><subfield code="2">gnd</subfield></datafield><datafield tag="650" ind1=" " ind2="7"><subfield code="a">Musikerziehung</subfield><subfield code="0">(DE-Frei129)00012027</subfield><subfield code="0">(DE-588)4040843-7</subfield><subfield code="2">gnd</subfield></datafield><datafield tag="650" ind1=" " ind2="7"><subfield code="a">Sozialpädagogik</subfield><subfield code="0">(DE-Frei129)00022401</subfield><subfield code="0">(DE-588)4055864-2</subfield><subfield code="2">gnd</subfield></datafield><datafield tag="650" ind1=" " ind2="7"><subfield code="a">Lernsituation</subfield><subfield code="0">(DE-Frei129)00062238</subfield><subfield code="0">(DE-588)4167405-4</subfield><subfield code="2">gnd</subfield></datafield><datafield tag="650" ind1=" " ind2="7"><subfield code="a">Sozialpädagogik</subfield><subfield code="0">(DE-Frei129)00022401</subfield><subfield code="0">(DE-588)4055864-2</subfield><subfield code="2">gnd</subfield></datafield><datafield tag="650" ind1=" " ind2="7"><subfield code="a">Berufsfeld</subfield><subfield code="0">(DE-Frei129)00003374</subfield><subfield code="0">(DE-588)4005895-5</subfield><subfield code="2">gnd</subfield></datafield><datafield tag="650" ind1=" " ind2="7"><subfield code="a">Musikerziehung</subfield><subfield code="0">(DE-Frei129)00012027</subfield><subfield code="0">(DE-588)4040843-7</subfield><subfield code="2">gnd</subfield></datafield><datafield tag="650" ind1=" " ind2="7"><subfield code="a">Lernsituation</subfield><subfield code="0">(DE-Frei129)00062238</subfield><subfield code="0">(DE-588)4167405-4</subfield><subfield code="2">gnd</subfield></datafield><datafield tag="689" ind1="0" ind2="0"><subfield code="0">(DE-588)4055864-2</subfield><subfield code="D">s</subfield><subfield code="a">Sozialpädagogik </subfield></datafield><datafield tag="689" ind1="0" ind2="1"><subfield code="0">(DE-588)4005895-5</subfield><subfield code="D">s</subfield><subfield code="a">Berufsfeld </subfield></datafield><datafield tag="689" ind1="0" ind2="2"><subfield code="0">(DE-588)4040843-7</subfield><subfield code="D">s</subfield><subfield code="a">Musikerziehung </subfield></datafield><datafield tag="689" ind1="0" ind2="3"><subfield code="0">(DE-588)4167405-4</subfield><subfield code="D">s</subfield><subfield code="a">Lernsituation</subfield><subfield code="5">DE-101</subfield></datafield><datafield tag="852" ind1=" " ind2=" "><subfield code="a">Frei 129</subfield><subfield code="b">PHFR</subfield><subfield code="c">LR 56957 Q1</subfield></datafield><datafield tag="856" ind1="4" ind2=" "><subfield code="8">00</subfield><subfield code="u">http://www.socialnet.de/rezensionen/isbn.php?isbn=978-3-427-40150-6</subfield><subfield code="y">Rezension</subfield></datafield><datafield tag="856" ind1="4" ind2=" "><subfield code="8">01</subfield><subfield code="u">http://deposit.d-nb.de/cgi-bin/dokserv?id=3371949&amp;prov=M&amp;dok_var=1&amp;dok_ext=htm</subfield><subfield code="y">Verlagsinformation</subfield></datafield><datafield tag="856" ind1="4" ind2=" "><subfield code="8">02</subfield><subfield code="u">http://deposit.d-nb.de/cgi-bin/dokserv?id=3371949&amp;prov=M&amp;dok_var=1&amp;dok_ext=htm</subfield><subfield code="y">Inhaltstext</subfield></datafield><datafield tag="980" ind1="0" ind2=" "><subfield code="a">00210667</subfield><subfield code="9">(PHFR)</subfield><subfield code="b">3.OG (37)</subfield><subfield code="c">LR 56957 Q1</subfield><subfield code="d">Standardleihe (01)</subfield><subfield code="e">Verfügbar (X)</subfield></datafield></record>