
<record><leader>02190nam a2200000uuc4500</leader><controlfield tag="001">01760254</controlfield><controlfield tag="003">DE-Frei129</controlfield><controlfield tag="005">20220811084052.0</controlfield><controlfield tag="007">tu</controlfield><controlfield tag="008">110512s2010    ||||||||||||||||||||ger||</controlfield><datafield tag="020" ind1=" " ind2=" "><subfield code="a">9783403039464</subfield><subfield code="9">9783403039464</subfield></datafield><datafield tag="020" ind1=" " ind2=" "><subfield code="a">9783120039464</subfield><subfield code="9">9783120039464</subfield></datafield><datafield tag="035" ind1=" " ind2=" "><subfield code="a">(DE-576)1413608310</subfield></datafield><datafield tag="041" ind1=" " ind2=" "><subfield code="a">ger</subfield></datafield><datafield tag="245" ind1="1" ind2="0"><subfield code="a">Das Auer-Lesebuch</subfield><subfield code="b">Schulbuch für das ... Schuljahr</subfield><subfield code="n">4, [Hauptbd.]</subfield><subfield code="p">Schülerbuch</subfield><subfield code="c">Ruth Dolenc ... Überarb. d. Ausg. S: Renate Behrendt ... Ill. Martina Gollnick</subfield></datafield><datafield tag="250" ind1=" " ind2=" "><subfield code="a">2., bearb. Aufl.</subfield></datafield><datafield tag="260" ind1="3" ind2=" "><subfield code="a">Donauwörth</subfield><subfield code="b">Auer</subfield><subfield code="c">2010</subfield></datafield><datafield tag="300" ind1=" " ind2=" "><subfield code="a">208 Seiten</subfield><subfield code="e">Der Auer-Lesepass (8 S.)</subfield></datafield><datafield tag="773" ind1="0" ind2="8"><subfield code="w">(DE-Frei129)01274702</subfield><subfield code="q">14SCHU1142010</subfield></datafield><datafield tag="852" ind1=" " ind2=" "><subfield code="a">Frei 129</subfield><subfield code="b">PHFR</subfield><subfield code="c">GB 3000 I A924 -4(2)</subfield></datafield><datafield tag="980" ind1="0" ind2=" "><subfield code="a">00373715</subfield><subfield code="9">(PHFR)</subfield><subfield code="b">Handbibliothek (50)</subfield><subfield code="c">Deu O 310: 86,4 b</subfield><subfield code="d">Handbibliothek - nie verleihbar (54)</subfield><subfield code="e">Verfügbar (X)</subfield></datafield></record>