
<record><leader>03585nam a2200000uu 4500</leader><controlfield tag="001">01760174</controlfield><controlfield tag="003">DE-Frei129</controlfield><controlfield tag="005">20220811084052.0</controlfield><controlfield tag="007">tu</controlfield><controlfield tag="008">110429s2010    ||||||||||||||||||||ger||</controlfield><datafield tag="020" ind1=" " ind2=" "><subfield code="a">9783827400802</subfield><subfield code="9">9783827400802</subfield></datafield><datafield tag="035" ind1=" " ind2=" "><subfield code="a">(DE-576)1609516990</subfield></datafield><datafield tag="041" ind1=" " ind2=" "><subfield code="a">ger</subfield></datafield><datafield tag="100" ind1="1" ind2=" "><subfield code="a">Padberg, Friedhelm</subfield><subfield code="0">(DE-Frei129)00041238</subfield><subfield code="0">(DE-588)115833080</subfield></datafield><datafield tag="245" ind1="1" ind2="0"><subfield code="a">Zahlentheorie und Arithmetik</subfield><subfield code="c">Friedhelm Padberg</subfield></datafield><datafield tag="250" ind1=" " ind2=" "><subfield code="a">1. Aufl., 2. Nachdr.</subfield></datafield><datafield tag="260" ind1="3" ind2=" "><subfield code="a">Heidelberg ; Berlin</subfield><subfield code="b">Spektrum, Akad. Verl.</subfield><subfield code="c">2010</subfield></datafield><datafield tag="300" ind1=" " ind2=" "><subfield code="a">218 Seiten</subfield></datafield><datafield tag="490" ind1="0" ind2=" "><subfield code="a">Mathematik Primarstufe und Sekundarstufe I + II</subfield></datafield><datafield tag="500" ind1=" " ind2=" "><subfield code="a">Nachdr. in andere Reihe ersch.! (SWB)</subfield></datafield><datafield tag="500" ind1=" " ind2=" "><subfield code="a">Archivierung/Langzeitarchivierung gewährleistet</subfield></datafield><datafield tag="650" ind1=" " ind2="7"><subfield code="a">Zahlentheorie</subfield><subfield code="0">(DE-Frei129)00000999</subfield><subfield code="0">(DE-588)4067277-3</subfield><subfield code="2">gnd</subfield></datafield><datafield tag="650" ind1=" " ind2="7"><subfield code="a">Arithmetik</subfield><subfield code="0">(DE-Frei129)00001904</subfield><subfield code="0">(DE-588)4002919-0</subfield><subfield code="2">gnd</subfield></datafield><datafield tag="689" ind1="0" ind2="0"><subfield code="0">(DE-588)4067277-3</subfield><subfield code="D">s</subfield><subfield code="a">Zahlentheorie</subfield><subfield code="5">DE-101</subfield></datafield><datafield tag="689" ind1="1" ind2="0"><subfield code="0">(DE-588)4002919-0</subfield><subfield code="D">s</subfield><subfield code="a">Arithmetik</subfield><subfield code="5">DE-101</subfield></datafield><datafield tag="852" ind1=" " ind2=" "><subfield code="a">Frei 129</subfield><subfield code="b">PHFR</subfield><subfield code="c">Math D 100: 55</subfield></datafield><datafield tag="856" ind1="4" ind2=" "><subfield code="8">00</subfield><subfield code="u">http://www.gbv.de/dms/goettingen/265864240.pdf</subfield><subfield code="y">Inhaltsverzeichnis</subfield></datafield><datafield tag="980" ind1="0" ind2=" "><subfield code="a">00221453</subfield><subfield code="9">(PHFR)</subfield><subfield code="b">UG (33)</subfield><subfield code="c">Math D 100: 55 b</subfield><subfield code="d">Standardleihe (01)</subfield><subfield code="e">Verfügbar (X)</subfield></datafield><datafield tag="980" ind1="0" ind2=" "><subfield code="a">00223961</subfield><subfield code="9">(PHFR)</subfield><subfield code="b">UG (33)</subfield><subfield code="c">Math D 100: 55 c</subfield><subfield code="d">Standardleihe (01)</subfield><subfield code="e">Verfügbar (X)</subfield></datafield></record>