
<record><leader>05478nam a2200000uu 4500</leader><controlfield tag="001">01759885</controlfield><controlfield tag="003">DE-Frei129</controlfield><controlfield tag="005">20220811084052.0</controlfield><controlfield tag="007">tu</controlfield><controlfield tag="008">101108s2010    ||||||||||||||||||||eng||</controlfield><datafield tag="020" ind1=" " ind2=" "><subfield code="a">9780194422109</subfield><subfield code="9">9780194422109</subfield></datafield><datafield tag="024" ind1="3" ind2=" "><subfield code="a">9780194422109</subfield></datafield><datafield tag="035" ind1=" " ind2=" "><subfield code="a">(DE-576)638612306</subfield></datafield><datafield tag="041" ind1=" " ind2=" "><subfield code="a">eng</subfield></datafield><datafield tag="044" ind1=" " ind2=" "><subfield code="c">XA-GB</subfield><subfield code="c">XD-US</subfield><subfield code="c">XE-NZ</subfield></datafield><datafield tag="100" ind1="1" ind2=" "><subfield code="a">Willis, Dave</subfield><subfield code="0">(DE-Frei129)00098279</subfield></datafield><datafield tag="245" ind1="1" ind2="0"><subfield code="a">Doing task-based teaching</subfield><subfield code="c">Dave Willis and Jane Willis</subfield></datafield><datafield tag="250" ind1=" " ind2=" "><subfield code="a">1. publ., [repr.]</subfield></datafield><datafield tag="260" ind1="3" ind2=" "><subfield code="a">Oxford [u.a.]</subfield><subfield code="b">Oxford University Press</subfield><subfield code="c">2010</subfield></datafield><datafield tag="300" ind1=" " ind2=" "><subfield code="a">XV, 278 Seiten</subfield><subfield code="b">Ill., graph. Darst., Kt.</subfield></datafield><datafield tag="490" ind1="0" ind2=" "><subfield code="a">Oxford handbooks for language teachers</subfield></datafield><datafield tag="500" ind1=" " ind2=" "><subfield code="a">Hier auch später erschienene, unveränderte Nachdrucke</subfield></datafield><datafield tag="500" ind1=" " ind2=" "><subfield code="a">Includes bibliographical references and index</subfield></datafield><datafield tag="500" ind1=" " ind2=" "><subfield code="a">IMD-Felder maschinell generiert (GBV)</subfield></datafield><datafield tag="650" ind1=" " ind2="7"><subfield code="a">Handlungsorientierter Unterricht</subfield><subfield code="0">(DE-Frei129)00041934</subfield><subfield code="0">(DE-588)4125440-5</subfield><subfield code="2">gnd</subfield></datafield><datafield tag="650" ind1=" " ind2="7"><subfield code="a">Fremdsprachenunterricht</subfield><subfield code="0">(DE-Frei129)00008718</subfield><subfield code="0">(DE-588)4018428-6</subfield><subfield code="2">gnd</subfield></datafield><datafield tag="650" ind1=" " ind2="7"><subfield code="a">Language and languages</subfield><subfield code="0">(DE-Frei129)00237272</subfield><subfield code="2">local</subfield></datafield><datafield tag="650" ind1=" " ind2="7"><subfield code="a">Study and teaching</subfield><subfield code="0">(DE-Frei129)00237273</subfield><subfield code="2">local</subfield></datafield><datafield tag="650" ind1=" " ind2="7"><subfield code="a">Task analysis in education</subfield><subfield code="0">(DE-Frei129)00245760</subfield><subfield code="2">local</subfield></datafield><datafield tag="689" ind1="0" ind2="0"><subfield code="0">(DE-588)4125440-5</subfield><subfield code="D">s</subfield><subfield code="a">Handlungsorientierter Unterricht </subfield></datafield><datafield tag="689" ind1="0" ind2="1"><subfield code="0">(DE-588)4018428-6</subfield><subfield code="D">s</subfield><subfield code="a">Fremdsprachenunterricht</subfield><subfield code="5">DE-101</subfield></datafield><datafield tag="689" ind1="1" ind2="0"><subfield code="A">s</subfield><subfield code="a">Language and languages </subfield></datafield><datafield tag="689" ind1="1" ind2="1"><subfield code="A">s</subfield><subfield code="a">Study and teaching</subfield><subfield code="5">DE-101</subfield></datafield><datafield tag="689" ind1="2" ind2="0"><subfield code="A">s</subfield><subfield code="a">Task analysis in education</subfield><subfield code="5">DE-101</subfield></datafield><datafield tag="700" ind1="1" ind2=" "><subfield code="0">(DE-Frei129)00060063</subfield><subfield code="a">Willis, Jane</subfield><subfield code="4">aut</subfield></datafield><datafield tag="700" ind1="1" ind2=" "><subfield code="0">(DE-588)136302041</subfield><subfield code="0">(DE-Frei129)58317238</subfield><subfield code="a">Willis, Jane R.</subfield><subfield code="4">oth</subfield></datafield><datafield tag="852" ind1=" " ind2=" "><subfield code="a">Frei 129</subfield><subfield code="b">PHFR</subfield><subfield code="c">HD 153 W734</subfield></datafield><datafield tag="856" ind1="4" ind2=" "><subfield code="8">00</subfield><subfield code="u">http://www.gbv.de/dms/bowker/toc/9780194422109.pdf</subfield><subfield code="y">Inhaltsverzeichnis</subfield></datafield><datafield tag="980" ind1="0" ind2=" "><subfield code="a">00389533</subfield><subfield code="9">(PHFR)</subfield><subfield code="b">2.OG (35)</subfield><subfield code="c">HD 153 W734 +2</subfield><subfield code="d">Standardleihe (01)</subfield><subfield code="e">Verfügbar (X)</subfield></datafield><datafield tag="980" ind1="0" ind2=" "><subfield code="a">00446169</subfield><subfield code="9">(PHFR)</subfield><subfield code="b">2.OG (35)</subfield><subfield code="c">HD 153 W734 +3</subfield><subfield code="d">Standardleihe (01)</subfield><subfield code="e">Verfügbar (X)</subfield><subfield code="x">Nachdruck 2012</subfield></datafield></record>