
<record><leader>04556nam a2200000uu 4500</leader><controlfield tag="001">01759639</controlfield><controlfield tag="003">DE-Frei129</controlfield><controlfield tag="005">20220811084052.0</controlfield><controlfield tag="007">tu</controlfield><controlfield tag="008">110214s2010    ||||||||||||||||||||ger||</controlfield><datafield tag="015" ind1=" " ind2=" "><subfield code="a">10,A51</subfield></datafield><datafield tag="016" ind1="7" ind2=" "><subfield code="a">1008013641</subfield><subfield code="2">DE-101</subfield></datafield><datafield tag="020" ind1=" " ind2=" "><subfield code="a">9783942048316</subfield><subfield code="9">9783942048316</subfield><subfield code="c">Pp. : EUR 16.90 (DE)</subfield></datafield><datafield tag="024" ind1="3" ind2=" "><subfield code="a">9783942048316</subfield></datafield><datafield tag="035" ind1=" " ind2=" "><subfield code="a">(DE-576)1608075486</subfield></datafield><datafield tag="041" ind1=" " ind2=" "><subfield code="a">ger</subfield><subfield code="h">fre</subfield></datafield><datafield tag="044" ind1=" " ind2=" "><subfield code="c">XA-DE-BE</subfield></datafield><datafield tag="100" ind1="1" ind2=" "><subfield code="a">Ifrah, Georges</subfield><subfield code="0">(DE-Frei129)00064381</subfield><subfield code="0">(DE-588)103559760</subfield></datafield><datafield tag="245" ind1="1" ind2="0"><subfield code="a">Universalgeschichte der Zahlen</subfield><subfield code="c">Georges Ifrah. Mit Tab. und Zeichn. des Autors. [Übers.: Alexander von Plasen]</subfield></datafield><datafield tag="246" ind1="1" ind2="3"><subfield code="a">Histoire universelle des chiffres</subfield></datafield><datafield tag="260" ind1="3" ind2=" "><subfield code="a">Frankfurt, M.</subfield><subfield code="b">Tolkemitt bei Zweitausendeins</subfield><subfield code="c">2010</subfield></datafield><datafield tag="300" ind1=" " ind2=" "><subfield code="a">600 Seiten</subfield><subfield code="b">Ill.</subfield><subfield code="c">24 cm</subfield></datafield><datafield tag="500" ind1=" " ind2=" "><subfield code="a">Literaturangaben</subfield></datafield><datafield tag="520" ind1=" " ind2=" "><subfield code="a">Der Titel ist schlecht gewählt, da das Buch nicht historisch, sondern systematisch gegliedert ist; auch geht es nicht eigentlich um Zahlen, sondern um deren Darstellung, was im französischen Originaltitel besser zum Ausdruck kommt, wo es &quot;chiffres&quot; (Ziffern) heisst. In einer Ausführlichkeit, die bisher unerreicht sein dürfte, beschreibt der Verfasser, wie in verschiedenen Kulturen zu verschiedenen Zeiten die Zahlen dargestellt worden sind. Der gut lesbare Text ist mit ca 350 Abbildungen, Tabellen, Zeichnungen usw. illustriert und damit eine Fundgrube für jeden, der entsprechende Informationen sucht - nicht zuletzt auch für Lehrer, die dieses in der Schule meist vernachlässigte Thema im Mathematikunterricht berücksichtigen wollen. (3 S)</subfield></datafield><datafield tag="648" ind1=" " ind2="7"><subfield code="a">Geschichte</subfield><subfield code="0">(DE-Frei129)00000468</subfield><subfield code="2">local</subfield></datafield><datafield tag="650" ind1=" " ind2="7"><subfield code="a">Zahl</subfield><subfield code="0">(DE-Frei129)00017367</subfield><subfield code="0">(DE-588)4067271-2</subfield><subfield code="2">gnd</subfield></datafield><datafield tag="689" ind1="0" ind2="0"><subfield code="0">(DE-588)4067271-2</subfield><subfield code="D">s</subfield><subfield code="a">Zahl </subfield></datafield><datafield tag="689" ind1="0" ind2="1"><subfield code="A">s</subfield><subfield code="a">Geschichte</subfield><subfield code="5">DE-101</subfield></datafield><datafield tag="852" ind1=" " ind2=" "><subfield code="a">Frei129</subfield><subfield code="c">Math D 10: 24</subfield></datafield><datafield tag="856" ind1="4" ind2=" "><subfield code="8">00</subfield><subfield code="u">http://d-nb.info/1008013641/04</subfield><subfield code="y">Inhaltsverzeichnis</subfield></datafield><datafield tag="856" ind1="4" ind2=" "><subfield code="8">01</subfield><subfield code="u">http://deposit.d-nb.de/cgi-bin/dokserv?id=3556153&amp;prov=M&amp;dok_var=1&amp;dok_ext=htm</subfield><subfield code="y">Verlagsinformation</subfield></datafield><datafield tag="980" ind1="0" ind2=" "><subfield code="a">00321995</subfield><subfield code="9">(PHFR)</subfield><subfield code="b">Handbibliothek (50)</subfield><subfield code="c">Math D 10: 24</subfield><subfield code="d">Handbibliothek - nie verleihbar (54)</subfield><subfield code="e">Verfügbar (X)</subfield></datafield></record>