
<record><leader>03031nam a2200000uu 4500</leader><controlfield tag="001">01759459</controlfield><controlfield tag="003">DE-Frei129</controlfield><controlfield tag="005">20220811084052.0</controlfield><controlfield tag="007">tu</controlfield><controlfield tag="008">110126s2010    ||||||||||||||||||||ger||</controlfield><datafield tag="015" ind1=" " ind2=" "><subfield code="a">10,B19</subfield></datafield><datafield tag="016" ind1="7" ind2=" "><subfield code="a">1001760077</subfield><subfield code="2">DE-101</subfield></datafield><datafield tag="020" ind1=" " ind2=" "><subfield code="a">9783931175955</subfield><subfield code="9">9783931175955</subfield><subfield code="c">in Ordner</subfield></datafield><datafield tag="035" ind1=" " ind2=" "><subfield code="a">(DE-576)1607614359</subfield></datafield><datafield tag="041" ind1=" " ind2=" "><subfield code="a">ger</subfield></datafield><datafield tag="044" ind1=" " ind2=" "><subfield code="c">XA-DE</subfield></datafield><datafield tag="245" ind1="1" ind2="0"><subfield code="a">Tiere live</subfield><subfield code="b">ein Aktionshandbuch für die schulische und außerschulische Umweltbildung</subfield><subfield code="c">hrsg. von der Bayerischen Akademie für Naturschutz und Landschaftspflege (ANL), Laufen an der Salzach und der Akademie für Lehrerfortbildung und Personalführung (ALP), Dillingen an der Donau. [Koordination und Red. Peter Sturm; Tanja Berthold. Autoren Tanja Berthold ...]</subfield></datafield><datafield tag="250" ind1=" " ind2=" "><subfield code="a">2. Aufl.</subfield></datafield><datafield tag="260" ind1="3" ind2=" "><subfield code="a">Laufen</subfield><subfield code="a">Dillingen a.d. Donau</subfield><subfield code="b">ANL</subfield><subfield code="b">ALP</subfield><subfield code="c">2010</subfield></datafield><datafield tag="300" ind1=" " ind2=" "><subfield code="a">550 Seiten</subfield><subfield code="b">zahlr. Ill.</subfield><subfield code="c">32 cm</subfield><subfield code="e">1 CD-ROM</subfield></datafield><datafield tag="500" ind1=" " ind2=" "><subfield code="a">Literaturangaben</subfield></datafield><datafield tag="700" ind1="1" ind2=" "><subfield code="0">(DE-Frei129)00264683</subfield><subfield code="a">Sturm, Peter</subfield><subfield code="4">Red.</subfield></datafield><datafield tag="710" ind1="2" ind2=" "><subfield code="0">(DE-Frei129)00059656</subfield><subfield code="0">(DE-588)5038893-9</subfield><subfield code="a">Bayerische Akademie für Naturschutz und Landschaftspflege</subfield><subfield code="4">oth</subfield></datafield><datafield tag="852" ind1=" " ind2=" "><subfield code="a">Frei 129</subfield><subfield code="b">PHFR</subfield><subfield code="c">Bio F 630: 499</subfield></datafield><datafield tag="980" ind1="0" ind2=" "><subfield code="a">00216781</subfield><subfield code="9">(PHFR)</subfield><subfield code="b">UG (33)</subfield><subfield code="c">Bio F 630: 499</subfield><subfield code="d">Präsenzbestand II (51)</subfield><subfield code="e">Verfügbar (X)</subfield></datafield></record>