
<record><leader>02623nam a2200000uuc4500</leader><controlfield tag="001">01759385</controlfield><controlfield tag="003">DE-Frei129</controlfield><controlfield tag="005">20220811084052.0</controlfield><controlfield tag="007">tu</controlfield><controlfield tag="008">110124s2010    ||||||||||||||||||||ger||</controlfield><datafield tag="020" ind1=" " ind2=" "><subfield code="a">9783507013919</subfield><subfield code="9">9783507013919</subfield></datafield><datafield tag="035" ind1=" " ind2=" "><subfield code="a">(DE-576)1406471712</subfield></datafield><datafield tag="041" ind1=" " ind2=" "><subfield code="a">ger</subfield></datafield><datafield tag="245" ind1="1" ind2="0"><subfield code="a">Seydlitz-Weltatlas Projekt Erde</subfield><subfield code="n">[Lehrerbd.]</subfield><subfield code="p">Materialien für Lehrer</subfield><subfield code="c">[Berater: Lars-Pierre Castelle]</subfield></datafield><datafield tag="250" ind1=" " ind2=" "><subfield code="a">[Ausgabe] Baden-Württemberg</subfield></datafield><datafield tag="260" ind1="3" ind2=" "><subfield code="a">Hannover</subfield><subfield code="b">Schroedel</subfield><subfield code="c">2010</subfield></datafield><datafield tag="300" ind1=" " ind2=" "><subfield code="a">Getr. Pag.</subfield><subfield code="b">Ill., Kt.</subfield></datafield><datafield tag="773" ind1="0" ind2="8"><subfield code="w">(DE-Frei129)02732929</subfield><subfield code="q">LEHR42010</subfield></datafield><datafield tag="852" ind1=" " ind2=" "><subfield code="a">Frei 129</subfield><subfield code="b">PHFR</subfield><subfield code="c">RB 10226 S519 P9 (N) L</subfield></datafield><datafield tag="980" ind1="0" ind2=" "><subfield code="a">00327736</subfield><subfield code="9">(PHFR)</subfield><subfield code="b">Handbibliothek (50)</subfield><subfield code="c">Geo P 900: 65 L a</subfield><subfield code="d">Handbibliothek - nie verleihbar (54)</subfield><subfield code="e">Verfügbar (X)</subfield></datafield><datafield tag="980" ind1="0" ind2=" "><subfield code="a">00327772</subfield><subfield code="9">(PHFR)</subfield><subfield code="b">Handbibliothek (50)</subfield><subfield code="c">Geo P 900: 65 L b</subfield><subfield code="d">Handbibliothek - nie verleihbar (54)</subfield><subfield code="e">Verfügbar (X)</subfield></datafield><datafield tag="980" ind1="0" ind2=" "><subfield code="a">00327788</subfield><subfield code="9">(PHFR)</subfield><subfield code="b">Handbibliothek (50)</subfield><subfield code="c">Geo P 900: 65 L</subfield><subfield code="d">Handbibliothek - nie verleihbar (54)</subfield><subfield code="e">Verfügbar (X)</subfield></datafield></record>