
<record><leader>02512nam a2200000uu 4500</leader><controlfield tag="001">01759014</controlfield><controlfield tag="003">DE-Frei129</controlfield><controlfield tag="005">20220811084052.0</controlfield><controlfield tag="007">tu</controlfield><controlfield tag="008">101207s2010    ||||||||||||||||||||fre||</controlfield><datafield tag="020" ind1=" " ind2=" "><subfield code="a">9782296117907</subfield><subfield code="9">9782296117907</subfield><subfield code="c">(pbk.) : 20,00 EUR</subfield></datafield><datafield tag="035" ind1=" " ind2=" "><subfield code="a">(DE-576)1606795880</subfield></datafield><datafield tag="041" ind1=" " ind2=" "><subfield code="a">fre</subfield></datafield><datafield tag="044" ind1=" " ind2=" "><subfield code="c">XA-FR</subfield></datafield><datafield tag="245" ind1="1" ind2="0"><subfield code="a">Apprendre en classe d&apos;immersion</subfield><subfield code="b">quels concepts? quelle théorie?</subfield><subfield code="c">sous la direction de Rita Carol</subfield></datafield><datafield tag="260" ind1="3" ind2=" "><subfield code="a">Paris</subfield><subfield code="b">Harmattan</subfield><subfield code="c">c2010</subfield></datafield><datafield tag="300" ind1=" " ind2=" "><subfield code="a">209 p.</subfield><subfield code="c">22 cm</subfield></datafield><datafield tag="490" ind1="0" ind2=" "><subfield code="a">Sémantiques</subfield></datafield><datafield tag="500" ind1=" " ind2=" "><subfield code="a">Includes bibliographical references. - French with one contribution in German.</subfield></datafield><datafield tag="700" ind1="1" ind2=" "><subfield code="0">(DE-Frei129)00582649</subfield><subfield code="a">Carol, Rita</subfield><subfield code="4">oth</subfield></datafield><datafield tag="852" ind1=" " ind2=" "><subfield code="a">Frei 129</subfield><subfield code="b">PHFR</subfield><subfield code="c">ER 925 C292</subfield></datafield><datafield tag="856" ind1="4" ind2=" "><subfield code="8">00</subfield><subfield code="u">http://bvbr.bib-bvb.de:8991/F?func=service&amp;doc_library=BVB01&amp;doc_number=020611572&amp;line_number=0001&amp;func_code=DB_RECORDS&amp;service_type=MEDIA</subfield><subfield code="y">Inhaltsverzeichnis</subfield></datafield><datafield tag="980" ind1="0" ind2=" "><subfield code="a">00216990</subfield><subfield code="9">(PHFR)</subfield><subfield code="b">2.OG (35)</subfield><subfield code="c">ER 925 C292</subfield><subfield code="d">Standardleihe (01)</subfield><subfield code="e">Verfügbar (X)</subfield></datafield></record>