
<record><leader>02821nam a2200000uuc4500</leader><controlfield tag="001">01757890</controlfield><controlfield tag="003">DE-Frei129</controlfield><controlfield tag="005">20220811084053.0</controlfield><controlfield tag="007">tu</controlfield><controlfield tag="008">100827s2010    ||||||||||||||||||||eng||</controlfield><datafield tag="020" ind1=" " ind2=" "><subfield code="a">9783125812550</subfield><subfield code="9">9783125812550</subfield></datafield><datafield tag="024" ind1="3" ind2=" "><subfield code="a">9783125812550</subfield></datafield><datafield tag="035" ind1=" " ind2=" "><subfield code="a">(DE-576)139831272X</subfield></datafield><datafield tag="041" ind1=" " ind2=" "><subfield code="a">eng</subfield><subfield code="a">ger</subfield></datafield><datafield tag="245" ind1="1" ind2="0"><subfield code="a">Red Line</subfield><subfield code="b">[Unterrichtswerk für Realschulen]</subfield><subfield code="n">5, Workbook, Buch</subfield><subfield code="p">Workbook mit Audio-CD und Lernsoftware</subfield><subfield code="c">Hrsg.: Frank Haß</subfield></datafield><datafield tag="246" ind1="1" ind2="0"><subfield code="a">Lernsoftware - Sprachtrainer für Grammatik, Vokabeln und Kommunikation und Prüfungsvorbereitung</subfield></datafield><datafield tag="250" ind1=" " ind2=" "><subfield code="a">1. Aufl.</subfield></datafield><datafield tag="260" ind1="3" ind2=" "><subfield code="a">Stuttgart ; Leipzig</subfield><subfield code="b">Klett</subfield><subfield code="c">2010</subfield></datafield><datafield tag="300" ind1=" " ind2=" "><subfield code="a">88 Seiten</subfield><subfield code="b">Ill.</subfield><subfield code="e">1 CD-ROM (12 cm)</subfield></datafield><datafield tag="500" ind1=" " ind2=" "><subfield code="a">Archivierung/Langzeitarchivierung gewährleistet</subfield></datafield><datafield tag="773" ind1="0" ind2="8"><subfield code="w">(DE-Frei129)00944132</subfield><subfield code="q">15WORKSOFT1142010</subfield></datafield><datafield tag="852" ind1=" " ind2=" "><subfield code="a">Frei 129</subfield><subfield code="b">PHFR</subfield><subfield code="c">HD 220 II R312 A1 -5</subfield></datafield><datafield tag="980" ind1="0" ind2=" "><subfield code="a">00217287</subfield><subfield code="9">(PHFR)</subfield><subfield code="b">2.OG (35)</subfield><subfield code="c">HD 220 II R312 A1 -5</subfield><subfield code="d">Standardleihe (01)</subfield><subfield code="e">Verfügbar (X)</subfield></datafield><datafield tag="980" ind1="0" ind2=" "><subfield code="a">00217867</subfield><subfield code="9">(PHFR)</subfield><subfield code="b">2.OG (35)</subfield><subfield code="c">HD 220 II R312 A1 -5 +1</subfield><subfield code="d">Präsenzbestand II (51)</subfield><subfield code="e">Verfügbar (X)</subfield><subfield code="x">Ex. a = Präsenzbestand</subfield></datafield></record>