
<record><leader>04409nam a2200000uu 4500</leader><controlfield tag="001">01757631</controlfield><controlfield tag="003">DE-Frei129</controlfield><controlfield tag="005">20220811084053.0</controlfield><controlfield tag="007">tu</controlfield><controlfield tag="008">100720s2010    ||||||||||||||||||||ger||</controlfield><datafield tag="015" ind1=" " ind2=" "><subfield code="a">10,A21</subfield></datafield><datafield tag="016" ind1="7" ind2=" "><subfield code="a">1002138728</subfield><subfield code="2">DE-101</subfield></datafield><datafield tag="020" ind1=" " ind2=" "><subfield code="a">9783834606402</subfield><subfield code="9">9783834606402</subfield><subfield code="c">kart. : EUR 19.80</subfield></datafield><datafield tag="035" ind1=" " ind2=" "><subfield code="a">(DE-576)1604176938</subfield></datafield><datafield tag="041" ind1=" " ind2=" "><subfield code="a">ger</subfield></datafield><datafield tag="044" ind1=" " ind2=" "><subfield code="c">XA-DE</subfield></datafield><datafield tag="245" ind1="1" ind2="0"><subfield code="a">... und es war doch der Gärtner!</subfield><subfield code="b">Krimis und Kriminalistik im fächerübergreifenden Unterricht</subfield><subfield code="c">Katrin Schüppel</subfield></datafield><datafield tag="260" ind1="3" ind2=" "><subfield code="a">Mülheim an der Ruhr</subfield><subfield code="b">Verlag an der Ruhr</subfield><subfield code="c">2010</subfield></datafield><datafield tag="300" ind1=" " ind2=" "><subfield code="a">128 Seiten</subfield><subfield code="b">Ill.</subfield><subfield code="c">30 cm</subfield></datafield><datafield tag="500" ind1=" " ind2=" "><subfield code="a">Literaturangaben</subfield></datafield><datafield tag="650" ind1=" " ind2="7"><subfield code="a">Kriminalistik</subfield><subfield code="0">(DE-Frei129)00014367</subfield><subfield code="0">(DE-588)4033177-5</subfield><subfield code="2">gnd</subfield></datafield><datafield tag="650" ind1=" " ind2="7"><subfield code="a">Fächerübergreifender Unterricht</subfield><subfield code="0">(DE-Frei129)00056407</subfield><subfield code="0">(DE-588)4153520-0</subfield><subfield code="2">gnd</subfield></datafield><datafield tag="650" ind1=" " ind2="7"><subfield code="a">Sekundarstufe</subfield><subfield code="0">(DE-Frei129)00011250</subfield><subfield code="0">(DE-588)4077347-4</subfield><subfield code="2">gnd</subfield></datafield><datafield tag="650" ind1=" " ind2="7"><subfield code="a">Kriminalliteratur</subfield><subfield code="0">(DE-Frei129)00014378</subfield><subfield code="0">(DE-588)4165739-1</subfield><subfield code="2">gnd</subfield></datafield><datafield tag="689" ind1="0" ind2="0"><subfield code="0">(DE-588)4033177-5</subfield><subfield code="D">s</subfield><subfield code="a">Kriminalistik </subfield></datafield><datafield tag="689" ind1="0" ind2="1"><subfield code="0">(DE-588)4153520-0</subfield><subfield code="D">s</subfield><subfield code="a">Fächerübergreifender Unterricht </subfield></datafield><datafield tag="689" ind1="0" ind2="2"><subfield code="0">(DE-588)4077347-4</subfield><subfield code="D">s</subfield><subfield code="a">Sekundarstufe</subfield><subfield code="5">DE-101</subfield></datafield><datafield tag="689" ind1="1" ind2="0"><subfield code="0">(DE-588)4165739-1</subfield><subfield code="D">s</subfield><subfield code="a">Kriminalliteratur </subfield></datafield><datafield tag="689" ind1="1" ind2="1"><subfield code="0">(DE-588)4153520-0</subfield><subfield code="D">s</subfield><subfield code="a">Fächerübergreifender Unterricht </subfield></datafield><datafield tag="689" ind1="1" ind2="2"><subfield code="0">(DE-588)4077347-4</subfield><subfield code="D">s</subfield><subfield code="a">Sekundarstufe</subfield><subfield code="5">DE-101</subfield></datafield><datafield tag="700" ind1="1" ind2=" "><subfield code="0">(DE-Frei129)00152813</subfield><subfield code="a">Schüppel, Katrin</subfield><subfield code="4">aut</subfield></datafield><datafield tag="852" ind1=" " ind2=" "><subfield code="a">Frei 129</subfield><subfield code="b">PHFR</subfield><subfield code="c">GB 3002 S385 U5</subfield></datafield><datafield tag="980" ind1="0" ind2=" "><subfield code="a">00212716</subfield><subfield code="9">(PHFR)</subfield><subfield code="b">2.OG (35)</subfield><subfield code="c">GB 3002 S385 U5</subfield><subfield code="d">Standardleihe (01)</subfield><subfield code="e">Verfügbar (X)</subfield></datafield></record>