
<record><leader>02846nam a2200000uu 4500</leader><controlfield tag="001">01757194</controlfield><controlfield tag="003">DE-Frei129</controlfield><controlfield tag="005">20220811084053.0</controlfield><controlfield tag="007">tu</controlfield><controlfield tag="008">100617s2010    ||||||||||||||||||||ger||</controlfield><datafield tag="015" ind1=" " ind2=" "><subfield code="a">10,A21</subfield></datafield><datafield tag="016" ind1="7" ind2=" "><subfield code="a">996033262</subfield><subfield code="2">DE-101</subfield></datafield><datafield tag="020" ind1=" " ind2=" "><subfield code="a">9783866322172</subfield><subfield code="9">978-3-86632-217-2</subfield><subfield code="c">kart. : EUR 24.80</subfield></datafield><datafield tag="024" ind1="3" ind2=" "><subfield code="a">9783866322172</subfield></datafield><datafield tag="024" ind1="8" ind2=" "><subfield code="a">11027</subfield></datafield><datafield tag="035" ind1=" " ind2=" "><subfield code="a">(DE-576)607724099</subfield></datafield><datafield tag="041" ind1=" " ind2=" "><subfield code="a">ger</subfield></datafield><datafield tag="044" ind1=" " ind2=" "><subfield code="c">XA-DE-NW</subfield></datafield><datafield tag="100" ind1="1" ind2=" "><subfield code="a">Seifert, Sonja</subfield><subfield code="0">(DE-Frei129)00582548</subfield></datafield><datafield tag="245" ind1="1" ind2="0"><subfield code="a">Kreatives Gestalten in der Betreuung</subfield><subfield code="b">für Kindergarten, Vorschule und Grundschule; kostengünstige Bastelideen für das ganze Jahr</subfield><subfield code="c">Sonja Seifert</subfield></datafield><datafield tag="250" ind1=" " ind2=" "><subfield code="a">1. Aufl.</subfield></datafield><datafield tag="260" ind1="3" ind2=" "><subfield code="a">Kerpen</subfield><subfield code="b">Kohl</subfield><subfield code="c">2010</subfield></datafield><datafield tag="300" ind1=" " ind2=" "><subfield code="a">96  Seiten</subfield><subfield code="b">Ill.</subfield><subfield code="c">30 cm</subfield></datafield><datafield tag="490" ind1="0" ind2=" "><subfield code="a">Aus der Praxis für die Praxis</subfield></datafield><datafield tag="500" ind1=" " ind2=" "><subfield code="a">5090: ddsu/sred</subfield></datafield><datafield tag="852" ind1=" " ind2=" "><subfield code="a">Frei129</subfield><subfield code="c">Paed G 550: 33</subfield></datafield><datafield tag="856" ind1="4" ind2=" "><subfield code="8">00</subfield><subfield code="u">http://d-nb.info/996033262/04</subfield><subfield code="y">Inhaltsverzeichnis</subfield></datafield><datafield tag="980" ind1="0" ind2=" "><subfield code="a">00212204</subfield><subfield code="9">(PHFR)</subfield><subfield code="b">EG-Anbau (32)</subfield><subfield code="c">Paed G 550: 33</subfield><subfield code="d">Standardleihe (01)</subfield><subfield code="e">Verfügbar (X)</subfield></datafield></record>