
<record><leader>04764nam a2200000uu 4500</leader><controlfield tag="001">01756988</controlfield><controlfield tag="003">DE-Frei129</controlfield><controlfield tag="005">20220811084053.0</controlfield><controlfield tag="007">tu</controlfield><controlfield tag="008">100218s2010    ||||||||||||||||||||ger||</controlfield><datafield tag="015" ind1=" " ind2=" "><subfield code="a">10,A10</subfield></datafield><datafield tag="016" ind1="7" ind2=" "><subfield code="a">1000157385</subfield><subfield code="2">DE-101</subfield></datafield><datafield tag="020" ind1=" " ind2=" "><subfield code="a">9783038005124</subfield><subfield code="9">9783038005124</subfield><subfield code="c">Gb. : EUR 19.90 (DE), EUR 20.50 (AT), sfr 34.90 (freier Pr.)</subfield></datafield><datafield tag="024" ind1="3" ind2=" "><subfield code="a">9783038005124</subfield></datafield><datafield tag="035" ind1=" " ind2=" "><subfield code="a">(DE-576)618862358</subfield></datafield><datafield tag="041" ind1=" " ind2=" "><subfield code="a">ger</subfield></datafield><datafield tag="044" ind1=" " ind2=" "><subfield code="c">XA-CH</subfield></datafield><datafield tag="100" ind1="1" ind2=" "><subfield code="a">Knieriemen, Heinz</subfield><subfield code="0">(DE-Frei129)00102809</subfield></datafield><datafield tag="245" ind1="1" ind2="0"><subfield code="a">Kinderwerkstatt Naturfarben und Lehm</subfield><subfield code="b">spielen, werken und bauen mit natürlichen Materialien</subfield><subfield code="c">Heinz Knieriemen; Martin Krampfer</subfield></datafield><datafield tag="250" ind1=" " ind2=" "><subfield code="a">Vollst. überarb. Neuausg., 3. Aufl.</subfield></datafield><datafield tag="260" ind1="3" ind2=" "><subfield code="a">Aarau</subfield><subfield code="b">AT-Verl.</subfield><subfield code="c">2010</subfield></datafield><datafield tag="300" ind1=" " ind2=" "><subfield code="a">140 Seiten</subfield><subfield code="b">Ill.</subfield><subfield code="c">23 cm</subfield></datafield><datafield tag="500" ind1=" " ind2=" "><subfield code="a">Hier auch später erschienene, unveränderte Nachdrucke und Auflagen</subfield></datafield><datafield tag="500" ind1=" " ind2=" "><subfield code="a">IMD-Felder maschinell generiert (GBV)</subfield></datafield><datafield tag="650" ind1=" " ind2="7"><subfield code="a">Naturmaterial</subfield><subfield code="0">(DE-Frei129)00089305</subfield><subfield code="0">(DE-588)4305910-7</subfield><subfield code="2">gnd</subfield></datafield><datafield tag="650" ind1=" " ind2="7"><subfield code="a">Werkunterricht</subfield><subfield code="0">(DE-Frei129)00024042</subfield><subfield code="0">(DE-588)4065590-8</subfield><subfield code="2">gnd</subfield></datafield><datafield tag="689" ind1="0" ind2="0"><subfield code="0">(DE-588)4305910-7</subfield><subfield code="D">s</subfield><subfield code="a">Naturmaterial </subfield></datafield><datafield tag="689" ind1="0" ind2="1"><subfield code="0">(DE-588)4065590-8</subfield><subfield code="D">s</subfield><subfield code="a">Werkunterricht</subfield><subfield code="5">DE-101</subfield></datafield><datafield tag="700" ind1="1" ind2=" "><subfield code="0">(DE-588)114640734</subfield><subfield code="0">(DE-Frei129)00582488</subfield><subfield code="a">Krampfer, Martin</subfield><subfield code="4">aut</subfield></datafield><datafield tag="852" ind1=" " ind2=" "><subfield code="a">Frei129</subfield><subfield code="c">Paed M 40: 92</subfield></datafield><datafield tag="856" ind1="4" ind2=" "><subfield code="8">00</subfield><subfield code="u">http://deposit.d-nb.de/cgi-bin/dokserv?id=3426137&amp;prov=M&amp;dok_var=1&amp;dok_ext=htm</subfield><subfield code="y">Inhaltstext</subfield></datafield><datafield tag="856" ind1="4" ind2=" "><subfield code="8">01</subfield><subfield code="u">http://external.dandelon.com/download/attachments/dandelon/ids/AT001488A1C85055DF3E9C125775F00416CF6.pdf</subfield><subfield code="y">Verlagsinformation</subfield></datafield><datafield tag="856" ind1="4" ind2=" "><subfield code="8">02</subfield><subfield code="u">https://external.dandelon.com/download/attachments/dandelon/ids/AT001488A1C85055DF3E9C125775F00416CF6.pdf</subfield><subfield code="y">Inhaltsverzeichnis</subfield></datafield><datafield tag="856" ind1="4" ind2=" "><subfield code="8">03</subfield><subfield code="u">http://deposit.d-nb.de/cgi-bin/dokserv?id=3426137&amp;prov=M&amp;dok_var=1&amp;dok_ext=htm</subfield><subfield code="y">Verlagsinformation</subfield></datafield><datafield tag="980" ind1="0" ind2=" "><subfield code="a">00211087</subfield><subfield code="9">(PHFR)</subfield><subfield code="b">EG-Anbau (32)</subfield><subfield code="c">Paed M 40: 92</subfield><subfield code="d">Standardleihe (01)</subfield><subfield code="e">Verfügbar (X)</subfield></datafield></record>