
<record><leader>05041nam a2200000uu 4500</leader><controlfield tag="001">01756856</controlfield><controlfield tag="003">DE-Frei129</controlfield><controlfield tag="005">20220811084053.0</controlfield><controlfield tag="007">tu</controlfield><controlfield tag="008">100514s2010    ||||||||||||||||||||ger||</controlfield><datafield tag="015" ind1=" " ind2=" "><subfield code="a">10,A14</subfield></datafield><datafield tag="016" ind1="7" ind2=" "><subfield code="a">990500020</subfield><subfield code="2">DE-101</subfield></datafield><datafield tag="020" ind1=" " ind2=" "><subfield code="a">9783940529275</subfield><subfield code="9">978-3-940529-27-5</subfield><subfield code="c">kart. : EUR 18.90</subfield></datafield><datafield tag="024" ind1="3" ind2=" "><subfield code="a">9783940529275</subfield></datafield><datafield tag="035" ind1=" " ind2=" "><subfield code="a">(DE-576)1603019391</subfield></datafield><datafield tag="041" ind1=" " ind2=" "><subfield code="a">ger</subfield></datafield><datafield tag="044" ind1=" " ind2=" "><subfield code="c">XA-DE-HE</subfield></datafield><datafield tag="100" ind1="1" ind2=" "><subfield code="a">Kuntz, Benjamin</subfield><subfield code="0">(DE-Frei129)00582529</subfield><subfield code="0">(DE-588)1048206718</subfield></datafield><datafield tag="245" ind1="1" ind2="0"><subfield code="a">Bildung und Gesundheit</subfield><subfield code="c">[BKK-Landesverband Hessen (Hrsg.)]. Benjamin Kuntz; Rebecca Thier; Angela Reichelt</subfield></datafield><datafield tag="260" ind1="3" ind2=" "><subfield code="a">Frankfurt, M.</subfield><subfield code="b">Mabuse-Verl.</subfield><subfield code="c">2010</subfield></datafield><datafield tag="300" ind1=" " ind2=" "><subfield code="a">184  Seiten</subfield><subfield code="b">graph. Darst.</subfield><subfield code="c">21 cm</subfield></datafield><datafield tag="490" ind1="1" ind2=" "><subfield code="a">Prämierte Arbeiten des BKK-Innovationspreises Gesundheit ... </subfield><subfield code="v">2008</subfield></datafield><datafield tag="500" ind1=" " ind2=" "><subfield code="a">Literaturangaben</subfield></datafield><datafield tag="650" ind1=" " ind2="7"><subfield code="a">Gesundheit</subfield><subfield code="0">(DE-Frei129)00009689</subfield><subfield code="0">(DE-588)4020754-7</subfield><subfield code="2">gnd</subfield></datafield><datafield tag="650" ind1=" " ind2="7"><subfield code="a">Bildung</subfield><subfield code="0">(DE-Frei129)00001089</subfield><subfield code="0">(DE-588)4006650-2</subfield><subfield code="2">gnd</subfield></datafield><datafield tag="655" ind1=" " ind2="7"><subfield code="a">Aufsatzsammlung</subfield><subfield code="0">(DE-Frei129)00000042</subfield><subfield code="2">local</subfield></datafield><datafield tag="689" ind1="0" ind2="0"><subfield code="0">(DE-588)4020754-7</subfield><subfield code="D">s</subfield><subfield code="a">Gesundheit </subfield></datafield><datafield tag="689" ind1="0" ind2="1"><subfield code="0">(DE-588)4006650-2</subfield><subfield code="D">s</subfield><subfield code="a">Bildung </subfield></datafield><datafield tag="689" ind1="0" ind2="2"><subfield code="A">s</subfield><subfield code="a">Aufsatzsammlung</subfield><subfield code="5">DE-101</subfield></datafield><datafield tag="700" ind1="1" ind2=" "><subfield code="0">(DE-Frei129)00582571</subfield><subfield code="a">Thier, Rebecca</subfield><subfield code="4">oth</subfield></datafield><datafield tag="700" ind1="1" ind2=" "><subfield code="0">(DE-588)133577805</subfield><subfield code="0">(DE-Frei129)00582059</subfield><subfield code="a">Reichelt, Angela</subfield><subfield code="4">oth</subfield></datafield><datafield tag="710" ind1="2" ind2=" "><subfield code="0">(DE-Frei129)00067522</subfield><subfield code="0">(DE-588)10055510-X</subfield><subfield code="a">BKK-Landesverband Hessen</subfield><subfield code="4">oth</subfield></datafield><datafield tag="830" ind1=" " ind2="0"><subfield code="a">Prämierte Beiträge des BKK-Innovationspreises Gesundheit ...</subfield><subfield code="v">2008</subfield><subfield code="w">(DE-Frei129)01718199</subfield><subfield code="9">42008</subfield></datafield><datafield tag="852" ind1=" " ind2=" "><subfield code="a">Frei 129</subfield><subfield code="b">PHFR</subfield><subfield code="c">Bio E 630: 240</subfield></datafield><datafield tag="856" ind1="4" ind2=" "><subfield code="8">00</subfield><subfield code="u">http://d-nb.info/990500020/04</subfield><subfield code="y">Inhaltsverzeichnis</subfield></datafield><datafield tag="856" ind1="4" ind2=" "><subfield code="8">01</subfield><subfield code="u">http://deposit.d-nb.de/cgi-bin/dokserv?id=3158718&amp;prov=M&amp;dok_var=1&amp;dok_ext=htm</subfield><subfield code="y">Inhaltstext</subfield></datafield><datafield tag="980" ind1="0" ind2=" "><subfield code="a">00212723</subfield><subfield code="9">(PHFR)</subfield><subfield code="b">UG (33)</subfield><subfield code="c">Bio E 630: 240</subfield><subfield code="d">Standardleihe (01)</subfield><subfield code="e">Verfügbar (X)</subfield></datafield></record>