
<record><leader>05095nam a2200000uuc4500</leader><controlfield tag="001">01756550</controlfield><controlfield tag="003">DE-Frei129</controlfield><controlfield tag="005">20220811084053.0</controlfield><controlfield tag="007">tu</controlfield><controlfield tag="008">100420s2010    ||||||||||||||||||||ger||</controlfield><datafield tag="015" ind1=" " ind2=" "><subfield code="a">09,N52,3580</subfield></datafield><datafield tag="016" ind1="7" ind2=" "><subfield code="a">998741914</subfield><subfield code="2">DE-101</subfield></datafield><datafield tag="020" ind1=" " ind2=" "><subfield code="a">9783835583023</subfield><subfield code="9">9783835583023</subfield><subfield code="c">EUR 39.95 (freier Pr.)</subfield></datafield><datafield tag="020" ind1=" " ind2=" "><subfield code="a">9783835583078</subfield><subfield code="9">9783835583078</subfield><subfield code="c">Karteikasten</subfield></datafield><datafield tag="024" ind1="3" ind2=" "><subfield code="a">9783835583023</subfield></datafield><datafield tag="024" ind1="3" ind2=" "><subfield code="a">9783835583078</subfield></datafield><datafield tag="035" ind1=" " ind2=" "><subfield code="a">(DE-576)139205785X</subfield></datafield><datafield tag="041" ind1=" " ind2=" "><subfield code="a">ger</subfield></datafield><datafield tag="044" ind1=" " ind2=" "><subfield code="c">XA-DE-BE</subfield></datafield><datafield tag="245" ind1="1" ind2="0"><subfield code="a">Kleine Forscher</subfield><subfield code="n">1/2</subfield><subfield code="p">Arbeitskartei / hrsg. Friedrich Gervé ...</subfield><subfield code="c">hrsg. Friedrich Gervé</subfield></datafield><datafield tag="260" ind1="3" ind2=" "><subfield code="a">Berlin ; Mannheim</subfield><subfield code="b">Duden Schulbuchverl.</subfield><subfield code="c">2010</subfield></datafield><datafield tag="300" ind1=" " ind2=" "><subfield code="a">146 Karteikarten, 8 Seiten</subfield><subfield code="b">Ill., graph. Darst.</subfield><subfield code="c">in Behältnis</subfield></datafield><datafield tag="490" ind1="0" ind2=" "><subfield code="a">Duden</subfield></datafield><datafield tag="500" ind1=" " ind2=" "><subfield code="a">Hier auch später erschienene, unveränderte Nachdrucke. - Lose Blätter in Karteikasten</subfield></datafield><datafield tag="500" ind1=" " ind2=" "><subfield code="a">Archivierung/Langzeitarchivierung gewährleistet</subfield></datafield><datafield tag="520" ind1=" " ind2=" "><subfield code="a">Kleine Forscher, das kompetenzorientierte Konzept für den offenen Sachunterricht, präsentiert vielfältige direkt einsetzbare Materialien für die einzelnen Schüler/innen und die gesamte Klasse. Durch seinen Modulcharakter lässt es sich sowohl in gemeinschaftlichen als auch in individualisierenden Unterrichtsformen flexibel einsetzen. Die stark aufeinander abgestimmten und ineinander verzahnten einzelnen Bestandteile des Lehrwerks bieten auch in offenen Unterrichtsformen die nötige Struktur, um das Erreichen von Lernzielen sichern und dokumentieren zu können. Nach Kompetenzbereichen gegliederte Lernangebote laden zum eigenständigen und individualisierten Recherchieren, Experimentieren, Nachdenken, Erfinden, Herstellen und kreativen Gestalten ein. Die Arbeitskarten sind der zentrale Aufgabenpool für die Kinder. Auf ihnen finden sich Grundaufgaben (Vorderseite) und Differenzierungsaufgaben (Rückseite) zu einer zu entwickelnden Kompetenz.</subfield></datafield><datafield tag="650" ind1=" " ind2="7"><subfield code="a">Grundschulunterricht</subfield><subfield code="0">(DE-Frei129)00010262</subfield><subfield code="0">(DE-588)4022354-1</subfield><subfield code="2">gnd</subfield></datafield><datafield tag="689" ind1="0" ind2="0"><subfield code="0">(DE-588)4022354-1</subfield><subfield code="D">s</subfield><subfield code="a">Grundschulunterricht</subfield><subfield code="5">DE-101</subfield></datafield><datafield tag="700" ind1="1" ind2=" "><subfield code="0">(DE-588)120253917</subfield><subfield code="0">(DE-Frei129)00097598</subfield><subfield code="a">Gervé, Friedrich</subfield><subfield code="4">Hrsg.</subfield></datafield><datafield tag="773" ind1="0" ind2="8"><subfield code="w">(DE-Frei129)01718190</subfield><subfield code="q">1/2ARKA</subfield></datafield><datafield tag="852" ind1=" " ind2=" "><subfield code="a">Frei 129</subfield><subfield code="b">PHFR</subfield><subfield code="c">Paed M 150: 166 AK 1/2</subfield></datafield><datafield tag="980" ind1="0" ind2=" "><subfield code="a">00421859</subfield><subfield code="9">(PHFR)</subfield><subfield code="b">Handbibliothek (50)</subfield><subfield code="c">Paed M 150: 166 AK 1/2</subfield><subfield code="d">Handbibliothek - nie verleihbar (54)</subfield><subfield code="e">Verfügbar (X)</subfield></datafield><datafield tag="980" ind1="0" ind2=" "><subfield code="a">00442101</subfield><subfield code="9">(PHFR)</subfield><subfield code="b">Handbibliothek (50)</subfield><subfield code="c">HB Didaktische Mediothek</subfield><subfield code="d">Handbibliothek - nie verleihbar (54)</subfield><subfield code="e">Verfügbar (X)</subfield></datafield></record>