
<record><leader>02758nam a2200000uuc4500</leader><controlfield tag="001">01756538</controlfield><controlfield tag="003">DE-Frei129</controlfield><controlfield tag="005">20220811084053.0</controlfield><controlfield tag="007">tu</controlfield><controlfield tag="008">100420s2010    ||||||||||||||||||||ger||</controlfield><datafield tag="015" ind1=" " ind2=" "><subfield code="a">09,N52,3679</subfield></datafield><datafield tag="016" ind1="7" ind2=" "><subfield code="a">998743208</subfield><subfield code="2">DE-101</subfield></datafield><datafield tag="020" ind1=" " ind2=" "><subfield code="a">9783835583047</subfield><subfield code="9">9783835583047</subfield><subfield code="c">EUR 24.95 (freier Pr.)</subfield></datafield><datafield tag="024" ind1="3" ind2=" "><subfield code="a">9783835583030</subfield></datafield><datafield tag="035" ind1=" " ind2=" "><subfield code="a">(DE-576)1392056314</subfield></datafield><datafield tag="041" ind1=" " ind2=" "><subfield code="a">ger</subfield></datafield><datafield tag="044" ind1=" " ind2=" "><subfield code="c">XA-DE-BE</subfield></datafield><datafield tag="245" ind1="1" ind2="0"><subfield code="a">Kleine Forscher</subfield><subfield code="n">1/2</subfield><subfield code="p">Sachkartei Kultur / hrsg. Friedrich Gervé ...</subfield><subfield code="c">hrsg. Friedrich Gervé</subfield></datafield><datafield tag="260" ind1="3" ind2=" "><subfield code="a">Berlin ; Mannheim</subfield><subfield code="b">Duden Schulbuchverl.</subfield><subfield code="c">2010</subfield></datafield><datafield tag="300" ind1=" " ind2=" "><subfield code="a">51 Blatt</subfield><subfield code="b">Ill.</subfield></datafield><datafield tag="490" ind1="0" ind2=" "><subfield code="a">Duden</subfield></datafield><datafield tag="500" ind1=" " ind2=" "><subfield code="a">Archivierung/Langzeitarchivierung gewährleistet</subfield></datafield><datafield tag="700" ind1="1" ind2=" "><subfield code="0">(DE-588)120253917</subfield><subfield code="0">(DE-Frei129)00097598</subfield><subfield code="a">Gervé, Friedrich</subfield><subfield code="4">Hrsg.</subfield></datafield><datafield tag="773" ind1="0" ind2="8"><subfield code="w">(DE-Frei129)01718190</subfield><subfield code="q">1/2KULT</subfield></datafield><datafield tag="852" ind1=" " ind2=" "><subfield code="a">Frei 129</subfield><subfield code="b">PHFR</subfield><subfield code="c">Paed M 150: 166 SK 1/2</subfield></datafield><datafield tag="980" ind1="0" ind2=" "><subfield code="a">00421860</subfield><subfield code="9">(PHFR)</subfield><subfield code="b">Handbibliothek (50)</subfield><subfield code="c">Paed M 150: 166 SK 1/2</subfield><subfield code="d">Handbibliothek - nie verleihbar (54)</subfield><subfield code="e">Verfügbar (X)</subfield></datafield></record>