
<record><leader>02564nam a2200000uuc4500</leader><controlfield tag="001">01756170</controlfield><controlfield tag="003">DE-Frei129</controlfield><controlfield tag="005">20220811084053.0</controlfield><controlfield tag="007">tu</controlfield><controlfield tag="008">100322s2010    ||||||||||||||||||||ger||</controlfield><datafield tag="020" ind1=" " ind2=" "><subfield code="a">9783127203806</subfield><subfield code="9">9783127203806</subfield></datafield><datafield tag="024" ind1="3" ind2=" "><subfield code="a">9783127203806</subfield></datafield><datafield tag="035" ind1=" " ind2=" "><subfield code="a">(DE-576)1391006356</subfield></datafield><datafield tag="041" ind1=" " ind2=" "><subfield code="a">ger</subfield></datafield><datafield tag="245" ind1="1" ind2="0"><subfield code="a">Mathe live</subfield><subfield code="b">Mathematik für Sekundarstufe I</subfield><subfield code="n">10, Grundkurs, [Schülerbuch]</subfield><subfield code="c">von Sabine Kliemann ...</subfield></datafield><datafield tag="250" ind1=" " ind2=" "><subfield code="a">[Neubearb.], 1. Aufl.</subfield></datafield><datafield tag="260" ind1="3" ind2=" "><subfield code="a">Stuttgart ; Leipzig</subfield><subfield code="b">Klett</subfield><subfield code="c">2010</subfield></datafield><datafield tag="300" ind1=" " ind2=" "><subfield code="a">174 Seiten</subfield></datafield><datafield tag="500" ind1=" " ind2=" "><subfield code="a">Neubearb. aus Klett-online</subfield></datafield><datafield tag="500" ind1=" " ind2=" "><subfield code="a">Archivierung/Langzeitarchivierung gewährleistet</subfield></datafield><datafield tag="773" ind1="0" ind2="8"><subfield code="w">(DE-Frei129)23017168</subfield><subfield code="q">210GRUNSCHU42010</subfield></datafield><datafield tag="852" ind1=" " ind2=" "><subfield code="a">Frei129</subfield><subfield code="c">Math O 300: 129 ,10/1 a</subfield></datafield><datafield tag="980" ind1="0" ind2=" "><subfield code="a">00220333</subfield><subfield code="9">(PHFR)</subfield><subfield code="b">UG (33)</subfield><subfield code="c">Math O 300: 129 ,10/1</subfield><subfield code="d">Standardleihe (01)</subfield><subfield code="e">Verfügbar (X)</subfield></datafield><datafield tag="980" ind1="0" ind2=" "><subfield code="a">00220345</subfield><subfield code="9">(PHFR)</subfield><subfield code="b">UG (33)</subfield><subfield code="c">Math O 300: 129 ,10/1 a</subfield><subfield code="d">Präsenzbestand II (51)</subfield><subfield code="e">Verfügbar (X)</subfield><subfield code="x">Ex. a = Präsenzbestand</subfield></datafield></record>