
<record><leader>02430nam a2200000uuc4500</leader><controlfield tag="001">01756028</controlfield><controlfield tag="003">DE-Frei129</controlfield><controlfield tag="005">20220811084053.0</controlfield><controlfield tag="007">tu</controlfield><controlfield tag="008">100310s2010    ||||||||||||||||||||ger||</controlfield><datafield tag="020" ind1=" " ind2=" "><subfield code="a">9783123004681</subfield><subfield code="9">9783123004681</subfield></datafield><datafield tag="024" ind1="3" ind2=" "><subfield code="a">9783123004681</subfield></datafield><datafield tag="035" ind1=" " ind2=" "><subfield code="a">(DE-576)1390503674</subfield></datafield><datafield tag="041" ind1=" " ind2=" "><subfield code="a">ger</subfield></datafield><datafield tag="245" ind1="1" ind2="0"><subfield code="a">Oskar</subfield><subfield code="b">[Fibel]</subfield><subfield code="n">[1], Schulvorbereitungsh.</subfield><subfield code="p">Schulvorbereitungsheft</subfield><subfield code="c">hrsg. von Cordula Löffler ... Erarb. von Andrea Feld ...</subfield></datafield><datafield tag="250" ind1=" " ind2=" "><subfield code="a">1. Aufl.</subfield></datafield><datafield tag="260" ind1="3" ind2=" "><subfield code="a">Stuttgart ; Leipzig</subfield><subfield code="b">Klett</subfield><subfield code="c">2010</subfield></datafield><datafield tag="300" ind1=" " ind2=" "><subfield code="a">71 Seiten</subfield></datafield><datafield tag="500" ind1=" " ind2=" "><subfield code="a">Zählung aus Klett-Online 2010/03</subfield></datafield><datafield tag="500" ind1=" " ind2=" "><subfield code="a">Hier auch später erschienene, unveränderte Nachdrucke</subfield></datafield><datafield tag="500" ind1=" " ind2=" "><subfield code="a">Archivierung/Langzeitarchivierung gewährleistet</subfield></datafield><datafield tag="773" ind1="0" ind2="8"><subfield code="w">(DE-Frei129)01056681</subfield><subfield code="q">11VORB1142010</subfield></datafield><datafield tag="852" ind1=" " ind2=" "><subfield code="a">Frei 129</subfield><subfield code="b">PHFR</subfield><subfield code="c">GB 3000 I O82 Z1</subfield></datafield><datafield tag="980" ind1="0" ind2=" "><subfield code="a">00427110</subfield><subfield code="9">(PHFR)</subfield><subfield code="b">Handbibliothek (50)</subfield><subfield code="c">Deu O 100: 205 V</subfield><subfield code="d">Handbibliothek - nie verleihbar (54)</subfield><subfield code="e">Verfügbar (X)</subfield></datafield></record>