
<record><leader>02712nam a2200000uu 4500</leader><controlfield tag="001">01755960</controlfield><controlfield tag="003">DE-Frei129</controlfield><controlfield tag="005">20220811084053.0</controlfield><controlfield tag="007">tu</controlfield><controlfield tag="008">100206s2010    ||||||||||||||||||||ger||</controlfield><datafield tag="015" ind1=" " ind2=" "><subfield code="a">10,A09</subfield></datafield><datafield tag="016" ind1="7" ind2=" "><subfield code="a">999404490</subfield><subfield code="2">DE-101</subfield></datafield><datafield tag="020" ind1=" " ind2=" "><subfield code="a">9783867401821</subfield><subfield code="9">9783867401821</subfield><subfield code="c">GEH. : EUR 12.90</subfield></datafield><datafield tag="024" ind1="3" ind2=" "><subfield code="a">9783867401821</subfield></datafield><datafield tag="035" ind1=" " ind2=" "><subfield code="a">(DE-576)617979618</subfield></datafield><datafield tag="041" ind1=" " ind2=" "><subfield code="a">ger</subfield></datafield><datafield tag="044" ind1=" " ind2=" "><subfield code="c">XA-DE-NW</subfield></datafield><datafield tag="100" ind1="1" ind2=" "><subfield code="a">Lohr, Nicole</subfield><subfield code="0">(DE-Frei129)00257021</subfield><subfield code="0">(DE-588)136425518</subfield></datafield><datafield tag="245" ind1="1" ind2="0"><subfield code="a">Literaturprojekt zu &quot;Die Geschichte vom Löwen, der nicht schreiben konnte&quot;</subfield><subfield code="c">Nicole Lohr; Jutta Schmeiler</subfield></datafield><datafield tag="250" ind1=" " ind2=" "><subfield code="a">1., Aufl.</subfield></datafield><datafield tag="260" ind1="3" ind2=" "><subfield code="a">Kempen, Niederrhein</subfield><subfield code="b">BVK, Buch-Verl. Kempen</subfield><subfield code="c">2010</subfield></datafield><datafield tag="300" ind1=" " ind2=" "><subfield code="a">48 Seiten</subfield><subfield code="b">Ill.</subfield><subfield code="c">30 cm</subfield></datafield><datafield tag="500" ind1=" " ind2=" "><subfield code="a">IMD-Felder maschinell generiert (GBV)</subfield></datafield><datafield tag="700" ind1="1" ind2=" "><subfield code="0">(DE-Frei129)00144534</subfield><subfield code="a">Schmeiler, Jutta</subfield><subfield code="4">aut</subfield></datafield><datafield tag="852" ind1=" " ind2=" "><subfield code="a">Frei 129</subfield><subfield code="b">PHFR</subfield><subfield code="c">ED 5540 B197 G3 Z1</subfield></datafield><datafield tag="980" ind1="0" ind2=" "><subfield code="a">00399930</subfield><subfield code="9">(PHFR)</subfield><subfield code="b">2.OG (35)</subfield><subfield code="c">ED 5540 B197 G3 Z1</subfield><subfield code="d">Standardleihe (01)</subfield><subfield code="e">Verfügbar (X)</subfield></datafield></record>