
<record><leader>04056nam a2200000uu 4500</leader><controlfield tag="001">01746466</controlfield><controlfield tag="003">DE-Frei129</controlfield><controlfield tag="005">20220811084053.0</controlfield><controlfield tag="007">tu</controlfield><controlfield tag="008">081027s2010    ||||||||||||||||||||ger||</controlfield><datafield tag="020" ind1=" " ind2=" "><subfield code="a">9783941264069</subfield><subfield code="9">978-3-941264-06-9</subfield></datafield><datafield tag="035" ind1=" " ind2=" "><subfield code="a">(DE-576)613055012</subfield></datafield><datafield tag="041" ind1=" " ind2=" "><subfield code="a">ger</subfield></datafield><datafield tag="245" ind1="1" ind2="4"><subfield code="a">Der Geschmack der Heimat</subfield><subfield code="b">... mehr als ein Kochbuch</subfield><subfield code="c">Desbina Kallinikidou; Birgit Stimm-Armingeon</subfield></datafield><datafield tag="260" ind1="3" ind2=" "><subfield code="a">Schwalbach/Ts.</subfield><subfield code="b">b|d edition</subfield><subfield code="c">2010</subfield></datafield><datafield tag="300" ind1=" " ind2=" "><subfield code="a">189  Seiten</subfield><subfield code="b">Ill.</subfield></datafield><datafield tag="500" ind1=" " ind2=" "><subfield code="a">5090: ddsu/sred ; IMD-Felder und 1131 maschinell ergänzt</subfield></datafield><datafield tag="650" ind1=" " ind2="7"><subfield code="a">Einwanderer</subfield><subfield code="0">(DE-Frei129)00006543</subfield><subfield code="0">(DE-588)4151434-8</subfield><subfield code="2">gnd</subfield></datafield><datafield tag="650" ind1=" " ind2="7"><subfield code="a">Ess- und Trinksitte</subfield><subfield code="0">(DE-Frei129)00007343</subfield><subfield code="0">(DE-588)4015556-0</subfield><subfield code="2">gnd</subfield></datafield><datafield tag="650" ind1=" " ind2="7"><subfield code="a">Kochbuch</subfield><subfield code="0">(DE-Frei129)00036516</subfield><subfield code="0">(DE-588)4114240-8</subfield><subfield code="2">gnd</subfield></datafield><datafield tag="651" ind1=" " ind2="7"><subfield code="a">Deutschland</subfield><subfield code="0">(DE-Frei129)00005806</subfield><subfield code="0">(DE-588)4011882-4</subfield><subfield code="2">gnd</subfield></datafield><datafield tag="689" ind1="0" ind2="0"><subfield code="0">(DE-588)4011882-4</subfield><subfield code="D">g</subfield><subfield code="a">Deutschland </subfield></datafield><datafield tag="689" ind1="0" ind2="1"><subfield code="0">(DE-588)4151434-8</subfield><subfield code="D">s</subfield><subfield code="a">Einwanderer </subfield></datafield><datafield tag="689" ind1="0" ind2="2"><subfield code="0">(DE-588)4015556-0</subfield><subfield code="D">s</subfield><subfield code="a">Ess- und Trinksitte</subfield><subfield code="5">DE-101</subfield></datafield><datafield tag="689" ind1="1" ind2="0"><subfield code="0">(DE-588)4114240-8</subfield><subfield code="D">s</subfield><subfield code="a">Kochbuch</subfield><subfield code="5">DE-101</subfield></datafield><datafield tag="700" ind1="1" ind2=" "><subfield code="0">(DE-Frei129)00136119</subfield><subfield code="a">Kallinikidou, Desbina</subfield><subfield code="4">Hrsg.</subfield></datafield><datafield tag="852" ind1=" " ind2=" "><subfield code="a">Frei 129</subfield><subfield code="b">PHFR</subfield><subfield code="c">LC 17000 K14</subfield></datafield><datafield tag="856" ind1="4" ind2=" "><subfield code="8">00</subfield><subfield code="u">http://deposit.d-nb.de/cgi-bin/dokserv?id=3358263&amp;prov=M&amp;dok_var=1&amp;dok_ext=htm</subfield><subfield code="y">Inhaltstext</subfield></datafield><datafield tag="856" ind1="4" ind2=" "><subfield code="8">01</subfield><subfield code="u">http://d-nb.info/996983716/04</subfield><subfield code="y">Inhaltsverzeichnis</subfield></datafield><datafield tag="980" ind1="0" ind2=" "><subfield code="a">00210397</subfield><subfield code="9">(PHFR)</subfield><subfield code="b">3.OG (37)</subfield><subfield code="c">LC 17000 K14</subfield><subfield code="d">Standardleihe (01)</subfield><subfield code="e">Verfügbar (X)</subfield></datafield></record>