
<record><leader>03630nam a2200000uu 4500</leader><controlfield tag="001">01697429</controlfield><controlfield tag="003">DE-Frei129</controlfield><controlfield tag="005">20220811084053.0</controlfield><controlfield tag="007">tu</controlfield><controlfield tag="008">110819s2010    ||||||||||||||||||||ger||</controlfield><datafield tag="020" ind1=" " ind2=" "><subfield code="a">9783834437464</subfield><subfield code="9">9783834437464</subfield></datafield><datafield tag="024" ind1="3" ind2=" "><subfield code="a">9783834437464</subfield></datafield><datafield tag="035" ind1=" " ind2=" "><subfield code="a">(DE-576)666402574</subfield></datafield><datafield tag="041" ind1=" " ind2=" "><subfield code="a">ger</subfield></datafield><datafield tag="044" ind1=" " ind2=" "><subfield code="c">XA-DE-NI</subfield></datafield><datafield tag="100" ind1="1" ind2=" "><subfield code="a">Fischer, Hanna</subfield><subfield code="0">(DE-Frei129)00160937</subfield></datafield><datafield tag="245" ind1="1" ind2="0"><subfield code="a">Textilwerkstatt - von der Faser zum Färben und Nähen ; 5. - 9. Klasse</subfield><subfield code="c">Hanna Fischer</subfield></datafield><datafield tag="250" ind1=" " ind2=" "><subfield code="a">2. Aufl.</subfield></datafield><datafield tag="260" ind1="3" ind2=" "><subfield code="a">Buxtehude</subfield><subfield code="b">Persen</subfield><subfield code="c">2010</subfield></datafield><datafield tag="300" ind1=" " ind2=" "><subfield code="a">49 Seiten</subfield><subfield code="b">zahlr. Ill.</subfield><subfield code="c">297 mm x 210 mm</subfield></datafield><datafield tag="490" ind1="0" ind2=" "><subfield code="a">Bergedorfer Unterrichtsideen</subfield></datafield><datafield tag="500" ind1=" " ind2=" "><subfield code="a">IMD-Felder maschinell generiert (GBV)</subfield></datafield><datafield tag="520" ind1=" " ind2=" "><subfield code="a">Unterricht in der Schulwerkstatt ist immer auch eine Herausforderung: Welche Werkzeuge und Maschinen benötige ich? Wie vermittle ich den richtigen und zweckmäßigen Umgang mit den Werkzeugen? Was muss man über das Material wissen und wie bearbeite ich es? Und nicht zuletzt: Wie sorge ich für einen geordneten und sicheren Ablauf im Unterricht mit einem attraktiven Ergebnis am Ende des Projekts?</subfield></datafield><datafield tag="650" ind1=" " ind2="7"><subfield code="a">Textiles Werken</subfield><subfield code="0">(DE-Frei129)00024052</subfield><subfield code="0">(DE-588)4078221-9</subfield><subfield code="2">gnd</subfield></datafield><datafield tag="650" ind1=" " ind2="7"><subfield code="a">Schuljahr 5-9</subfield><subfield code="0">(DE-Frei129)00010639</subfield><subfield code="0">(DE-588)4202492-4</subfield><subfield code="2">gnd</subfield></datafield><datafield tag="689" ind1="0" ind2="0"><subfield code="0">(DE-588)4078221-9</subfield><subfield code="D">s</subfield><subfield code="a">Textiles Werken </subfield></datafield><datafield tag="689" ind1="0" ind2="1"><subfield code="0">(DE-588)4202492-4</subfield><subfield code="D">s</subfield><subfield code="a">Schuljahr 5-9</subfield><subfield code="5">DE-101</subfield></datafield><datafield tag="852" ind1=" " ind2=" "><subfield code="a">Frei 129</subfield><subfield code="b">PHFR</subfield><subfield code="c">ZS 5700 F529 (2)</subfield></datafield><datafield tag="980" ind1="0" ind2=" "><subfield code="a">00228245</subfield><subfield code="9">(PHFR)</subfield><subfield code="b">1. OG Semesterapparat (40)</subfield><subfield code="c">ZS 5700 F529 (2)</subfield><subfield code="d">Präsenzbestand II (51)</subfield><subfield code="e">Verfügbar (X)</subfield></datafield></record>