
<record><leader>05195nam a2200000uu 4500</leader><controlfield tag="001">01696073</controlfield><controlfield tag="003">DE-Frei129</controlfield><controlfield tag="005">20220811084053.0</controlfield><controlfield tag="007">tu</controlfield><controlfield tag="008">110801s2010    ||||||||||||||||||||ger||</controlfield><datafield tag="015" ind1=" " ind2=" "><subfield code="a">11,A26</subfield></datafield><datafield tag="016" ind1="7" ind2=" "><subfield code="a">991115910</subfield><subfield code="2">DE-101</subfield></datafield><datafield tag="020" ind1=" " ind2=" "><subfield code="a">9783932077326</subfield><subfield code="9">978-3-932077-32-6</subfield><subfield code="c">spiralgeh. :  EUR 29.80</subfield></datafield><datafield tag="024" ind1="3" ind2=" "><subfield code="a">9783932077326</subfield></datafield><datafield tag="035" ind1=" " ind2=" "><subfield code="a">(DE-576)1611846544</subfield></datafield><datafield tag="041" ind1=" " ind2=" "><subfield code="a">ger</subfield><subfield code="h">eng</subfield></datafield><datafield tag="044" ind1=" " ind2=" "><subfield code="c">XA-DE-NW</subfield></datafield><datafield tag="245" ind1="1" ind2="0"><subfield code="a">Mittelalterliches Schneidern</subfield><subfield code="b">historische Alltagskleidung zwischen 1200 - 1500 selbst gemacht</subfield><subfield code="c">Sarah Thursfield.</subfield></datafield><datafield tag="246" ind1="1" ind2="3"><subfield code="a">The medieval tailor&apos;s assistant</subfield></datafield><datafield tag="260" ind1="3" ind2=" "><subfield code="a">Herne</subfield><subfield code="b">VS-Books</subfield><subfield code="c">2010 2010</subfield></datafield><datafield tag="300" ind1=" " ind2=" "><subfield code="a">248  Seiten</subfield><subfield code="b">Ill.</subfield><subfield code="c">30 cm, 500 gr.</subfield></datafield><datafield tag="500" ind1=" " ind2=" "><subfield code="a">Literaturangaben</subfield></datafield><datafield tag="500" ind1=" " ind2=" "><subfield code="a">IMD-Felder und 1131 maschinell ergänzt</subfield></datafield><datafield tag="648" ind1=" " ind2="7"><subfield code="a">Geschichte 1200-1500</subfield><subfield code="0">(DE-Frei129)00084470</subfield><subfield code="2">local</subfield></datafield><datafield tag="650" ind1=" " ind2="7"><subfield code="a">Schneidern</subfield><subfield code="0">(DE-Frei129)00021483</subfield><subfield code="0">(DE-588)4053017-6</subfield><subfield code="2">gnd</subfield></datafield><datafield tag="650" ind1=" " ind2="7"><subfield code="a">Kleidung</subfield><subfield code="0">(DE-Frei129)00001800</subfield><subfield code="0">(DE-588)4031011-5</subfield><subfield code="2">gnd</subfield></datafield><datafield tag="650" ind1=" " ind2="7"><subfield code="a">Alltag</subfield><subfield code="0">(DE-Frei129)00001097</subfield><subfield code="0">(DE-588)4001307-8</subfield><subfield code="2">gnd</subfield></datafield><datafield tag="650" ind1=" " ind2="7"><subfield code="a">Schneidern</subfield><subfield code="0">(DE-Frei129)00021483</subfield><subfield code="0">(DE-588)4053017-6</subfield><subfield code="2">gnd</subfield></datafield><datafield tag="655" ind1=" " ind2="7"><subfield code="a">Anleitung</subfield><subfield code="0">(DE-Frei129)00000011</subfield><subfield code="2">local</subfield></datafield><datafield tag="689" ind1="0" ind2="0"><subfield code="0">(DE-588)4031011-5</subfield><subfield code="D">s</subfield><subfield code="a">Kleidung </subfield></datafield><datafield tag="689" ind1="0" ind2="1"><subfield code="0">(DE-588)4001307-8</subfield><subfield code="D">s</subfield><subfield code="a">Alltag </subfield></datafield><datafield tag="689" ind1="0" ind2="2"><subfield code="A">s</subfield><subfield code="a">Geschichte 1200-1500 </subfield></datafield><datafield tag="689" ind1="0" ind2="3"><subfield code="0">(DE-588)4053017-6</subfield><subfield code="D">s</subfield><subfield code="a">Schneidern </subfield></datafield><datafield tag="689" ind1="0" ind2="4"><subfield code="A">s</subfield><subfield code="a">Anleitung</subfield><subfield code="5">DE-101</subfield></datafield><datafield tag="700" ind1="1" ind2=" "><subfield code="0">(DE-Frei129)00564472</subfield><subfield code="a">Thursfield, Sarah</subfield><subfield code="4">aut</subfield></datafield><datafield tag="852" ind1=" " ind2=" "><subfield code="a">Frei 129</subfield><subfield code="b">PHFR</subfield><subfield code="c">ZS 6700 T543</subfield></datafield><datafield tag="856" ind1="4" ind2=" "><subfield code="8">00</subfield><subfield code="u">http://d-nb.info/991115910/04</subfield><subfield code="y">Inhaltsverzeichnis</subfield></datafield><datafield tag="856" ind1="4" ind2=" "><subfield code="8">01</subfield><subfield code="u">http://deposit.d-nb.de/cgi-bin/dokserv?id=3173021&amp;prov=M&amp;dok_var=1&amp;dok_ext=htm</subfield><subfield code="y">Inhaltstext</subfield></datafield><datafield tag="980" ind1="0" ind2=" "><subfield code="a">00392502</subfield><subfield code="9">(PHFR)</subfield><subfield code="b">3.OG (37)</subfield><subfield code="c">ZS 6700 T543</subfield><subfield code="d">Standardleihe (01)</subfield><subfield code="e">ausgeliehen (A) - Fälligkeitsdatum: 02.09.2022</subfield></datafield></record>