
<record><leader>03046nam a2200000uuc4500</leader><controlfield tag="001">01695414</controlfield><controlfield tag="003">DE-Frei129</controlfield><controlfield tag="005">20220811084053.0</controlfield><controlfield tag="007">tu</controlfield><controlfield tag="008">110608s2010    ||||||||||||||||||||fre||</controlfield><datafield tag="020" ind1=" " ind2=" "><subfield code="a">9783125239333</subfield><subfield code="9">9783125239333</subfield></datafield><datafield tag="024" ind1="3" ind2=" "><subfield code="a">9783125239333</subfield></datafield><datafield tag="035" ind1=" " ind2=" "><subfield code="a">(DE-576)1415632693</subfield></datafield><datafield tag="041" ind1=" " ind2=" "><subfield code="a">fre</subfield><subfield code="a">ger</subfield></datafield><datafield tag="245" ind1="1" ind2="0"><subfield code="a">Tous ensemble</subfield><subfield code="b">für den schulischen Französischunterricht</subfield><subfield code="n">Grammatik</subfield><subfield code="p">Grammatik für den mittleren Abschluss : mit Lernsoftware / von Anja Reuthe ...</subfield><subfield code="c">von Anne Crismat ...</subfield></datafield><datafield tag="250" ind1=" " ind2=" "><subfield code="a">1. Aufl., [Nachdr.]</subfield></datafield><datafield tag="260" ind1="3" ind2=" "><subfield code="a">Stuttgart ; Leipzig</subfield><subfield code="b">Klett</subfield><subfield code="c">2010</subfield></datafield><datafield tag="300" ind1=" " ind2=" "><subfield code="a">184 Seiten</subfield><subfield code="e">1 CD-ROM (12 cm)</subfield></datafield><datafield tag="500" ind1=" " ind2=" "><subfield code="a">Hier auch später erschienene, unveränderte Nachdrucke!!!</subfield></datafield><datafield tag="500" ind1=" " ind2=" "><subfield code="a">Archivierung/Langzeitarchivierung gewährleistet</subfield></datafield><datafield tag="500" ind1=" " ind2=" "><subfield code="a">Archivierung prüfen</subfield></datafield><datafield tag="700" ind1="1" ind2=" "><subfield code="0">(DE-Frei129)00566813</subfield><subfield code="a">Reuthe, Anja</subfield><subfield code="4">oth</subfield></datafield><datafield tag="773" ind1="0" ind2="8"><subfield code="w">(DE-Frei129)00262849</subfield><subfield code="q">GRAM42010</subfield></datafield><datafield tag="852" ind1=" " ind2=" "><subfield code="a">Frei 129</subfield><subfield code="b">PHFR</subfield><subfield code="c">ID 1572 II C932 Z1</subfield></datafield><datafield tag="980" ind1="0" ind2=" "><subfield code="a">00220444</subfield><subfield code="9">(PHFR)</subfield><subfield code="b">2.OG (35)</subfield><subfield code="c">ID 1572 C932 Z1</subfield><subfield code="d">Standardleihe (01)</subfield><subfield code="e">ausgeliehen (A) - Fälligkeitsdatum: 08.08.2022</subfield></datafield><datafield tag="980" ind1="0" ind2=" "><subfield code="a">00359146</subfield><subfield code="9">(PHFR)</subfield><subfield code="b">2.OG (35)</subfield><subfield code="c">ID 1572 C932 Z1 +1</subfield><subfield code="d">Präsenzbestand II (51)</subfield><subfield code="e">Verfügbar (X)</subfield></datafield></record>