
<record><leader>02366nam a2200000uuc4500</leader><controlfield tag="001">01693769</controlfield><controlfield tag="003">DE-Frei129</controlfield><controlfield tag="005">20220811084054.0</controlfield><controlfield tag="007">tu</controlfield><controlfield tag="008">110309s2010    |||||||||||||||||||||||||</controlfield><datafield tag="020" ind1=" " ind2=" "><subfield code="a">9783060319909</subfield><subfield code="9">9783060319909</subfield></datafield><datafield tag="035" ind1=" " ind2=" "><subfield code="a">(DE-576)1408493713</subfield></datafield><datafield tag="245" ind1="1" ind2="0"><subfield code="a">English G 21, B</subfield><subfield code="n">5, Vorschläge zur Leistungsmessung</subfield><subfield code="p">Vorschläge zur Leistungsmessung für Klassenarbeiten und Tests, Kopiervorlagen</subfield><subfield code="c">Hrsg. Hellmut Schwarz</subfield></datafield><datafield tag="250" ind1=" " ind2=" "><subfield code="a">1. Aufl., [Nachdr.]</subfield></datafield><datafield tag="260" ind1="3" ind2=" "><subfield code="a">Berlin</subfield><subfield code="b">Cornelsen-Velhagen &amp; Klasing</subfield><subfield code="c">2010</subfield></datafield><datafield tag="300" ind1=" " ind2=" "><subfield code="a">87 Seiten</subfield></datafield><datafield tag="490" ind1="1" ind2=" "><subfield code="a">English G 21, B. - 5, CD. Vorschläge zur Leistungsmessung für Klassenarbeiten und Tests; Höraufnahmen</subfield></datafield><datafield tag="773" ind1="0" ind2="8"><subfield code="w">(DE-Frei129)01306584</subfield><subfield code="q">15VOR42010</subfield></datafield><datafield tag="787" ind1="0" ind2="8"><subfield code="i">Audio-CD u.d.T.</subfield><subfield code="t">Vorschläge zur Leistungsmessung für Klassenarbeiten und Tests; Höraufnahmen</subfield><subfield code="w">(DE-Frei129)01693767</subfield><subfield code="w">(DE-576)1408493276</subfield></datafield><datafield tag="852" ind1=" " ind2=" "><subfield code="a">Frei 129</subfield><subfield code="b">PHFR</subfield><subfield code="c">HD 220 II B111 L5 -5</subfield></datafield><datafield tag="980" ind1="0" ind2=" "><subfield code="a">00379302</subfield><subfield code="9">(PHFR)</subfield><subfield code="b">2.OG (35)</subfield><subfield code="c">HD 220 II B111 L5 -5</subfield><subfield code="d">Standardleihe (01)</subfield><subfield code="e">Verfügbar (X)</subfield></datafield></record>