
<record><leader>06115nam a2200000uu 4500</leader><controlfield tag="001">01693100</controlfield><controlfield tag="003">DE-Frei129</controlfield><controlfield tag="005">20220811084054.0</controlfield><controlfield tag="007">tu</controlfield><controlfield tag="008">110126s2010    ||||||||||||||||||||ger||</controlfield><datafield tag="015" ind1=" " ind2=" "><subfield code="a">10,A40</subfield></datafield><datafield tag="016" ind1="7" ind2=" "><subfield code="a">1002358728</subfield><subfield code="2">DE-101</subfield></datafield><datafield tag="020" ind1=" " ind2=" "><subfield code="a">9783715206073</subfield><subfield code="9">9783715206073</subfield><subfield code="c">Pp. :  EUR 14.90, sfr 24.80 (freier Pr.)</subfield></datafield><datafield tag="024" ind1="3" ind2=" "><subfield code="a">9783715206073</subfield></datafield><datafield tag="035" ind1=" " ind2=" "><subfield code="a">(DE-576)1607593629</subfield></datafield><datafield tag="041" ind1=" " ind2=" "><subfield code="a">ger</subfield></datafield><datafield tag="044" ind1=" " ind2=" "><subfield code="c">XA-CH</subfield></datafield><datafield tag="245" ind1="1" ind2="0"><subfield code="a">Oma - Emma - Mama</subfield><subfield code="c">Lorenz Pauli und Kathrin Schärer</subfield></datafield><datafield tag="250" ind1=" " ind2=" "><subfield code="a">2. Aufl.</subfield></datafield><datafield tag="260" ind1="3" ind2=" "><subfield code="a">Zürich</subfield><subfield code="b">Atlantis</subfield><subfield code="c">2010</subfield></datafield><datafield tag="300" ind1=" " ind2=" "><subfield code="a">[25] Seiten</subfield><subfield code="b">überw. Ill.</subfield><subfield code="c">29 x 30 cm</subfield></datafield><datafield tag="520" ind1=" " ind2=" "><subfield code="a">Das Chamäleon ist in im Bilderbuch (vgl. z.B. &quot;Balduin bleibt grün&quot; oder &quot;Charlotte sucht Max&quot;). Ihre perfekte Tarnung eignet sich sehr gut für Suchbilder. K. Schärer arbeitet bei diesem Titel aber nicht allein mit Farben, die sich verändern, sondern auch mit Formen und anderen Effekten. Im Vordergrund des Buches steht allerdings die Geschichte: Emma will Verstecken spielen, doch Oma sagt: &quot;Wir sind Chamäleons, wir sind doch schon versteckt!&quot; Emma ist sauer: &quot;Wenn ich eine Idee habe, dann macht niemand mit. Und wenn ich etwas alleine machen will, dann darf ich nicht.&quot; Oma stutzt, denn diese Art der Bevormundung kennt sie als &quot;Seniorin&quot; auch - durch ihre Tochter, Emmas Mutter. So gerät das Versteckspiel zum Spiel mit den Rollen, denn bald verstecken sich beide vor Mama und haben ihren Spass daran ... L. Pauli verpackt auf nette Art die Konflikte zwischen den Generationen. Die Seiten sind in erdigen Braun- und Grautönen und cremigem Weiss und Grün gehalten. Kinder können noch einige andere Tiere entdecken, z.B. Lemuren, Krokodile, Faultiere etc. Ab mittleren Beständen gern empfohlen. Ab 5</subfield></datafield><datafield tag="650" ind1=" " ind2="7"><subfield code="a">Versteckspiel</subfield><subfield code="0">(DE-Frei129)00489523</subfield><subfield code="0">(DE-588)4409413-9</subfield><subfield code="2">gnd</subfield></datafield><datafield tag="650" ind1=" " ind2="7"><subfield code="a">Chamäleons</subfield><subfield code="x">Familie</subfield><subfield code="0">(DE-Frei129)00077023</subfield><subfield code="0">(DE-588)4220220-6</subfield><subfield code="2">gnd</subfield></datafield><datafield tag="650" ind1=" " ind2="7"><subfield code="a">Rollentausch</subfield><subfield code="0">(DE-Frei129)00092343</subfield><subfield code="0">(DE-588)4333435-0</subfield><subfield code="2">gnd</subfield></datafield><datafield tag="650" ind1=" " ind2="7"><subfield code="a">Generationsbeziehung</subfield><subfield code="0">(DE-Frei129)00028965</subfield><subfield code="0">(DE-588)4441518-7</subfield><subfield code="2">gnd</subfield></datafield><datafield tag="651" ind1=" " ind2="7"><subfield code="a">Familie</subfield><subfield code="0">(DE-Frei129)00757488</subfield><subfield code="2">local</subfield></datafield><datafield tag="689" ind1="0" ind2="0"><subfield code="0">(DE-588)4409413-9</subfield><subfield code="D">s</subfield><subfield code="a">Versteckspiel </subfield></datafield><datafield tag="689" ind1="0" ind2="1"><subfield code="0">(DE-588)4220220-6</subfield><subfield code="D">s</subfield><subfield code="a">Chamäleons / Familie </subfield></datafield><datafield tag="689" ind1="0" ind2="2"><subfield code="A">s</subfield><subfield code="a">Familie </subfield></datafield><datafield tag="689" ind1="0" ind2="3"><subfield code="0">(DE-588)4333435-0</subfield><subfield code="D">s</subfield><subfield code="a">Rollentausch</subfield><subfield code="5">DE-101</subfield></datafield><datafield tag="689" ind1="1" ind2="0"><subfield code="0">(DE-588)4441518-7</subfield><subfield code="D">s</subfield><subfield code="a">Generationsbeziehung</subfield><subfield code="5">DE-101</subfield></datafield><datafield tag="700" ind1="1" ind2=" "><subfield code="0">(DE-588)119522470</subfield><subfield code="0">(DE-Frei129)00373333</subfield><subfield code="a">Pauli, Lorenz</subfield><subfield code="4">oth</subfield></datafield><datafield tag="700" ind1="1" ind2=" "><subfield code="0">(DE-588)122467221</subfield><subfield code="0">(DE-Frei129)00373825</subfield><subfield code="a">Schärer, Kathrin</subfield><subfield code="4">oth</subfield></datafield><datafield tag="852" ind1=" " ind2=" "><subfield code="a">Frei 129</subfield><subfield code="b">PHFR</subfield><subfield code="c">ED 5540 P327 (2)</subfield></datafield><datafield tag="856" ind1="4" ind2=" "><subfield code="8">00</subfield><subfield code="u">http://deposit.d-nb.de/cgi-bin/dokserv?id=3471731&amp;prov=M&amp;dok_var=1&amp;dok_ext=htm</subfield><subfield code="y">Inhaltstext</subfield></datafield><datafield tag="980" ind1="0" ind2=" "><subfield code="a">00216926</subfield><subfield code="9">(PHFR)</subfield><subfield code="b">2.OG (35)</subfield><subfield code="c">ED 5540 P327 (2)</subfield><subfield code="d">Standardleihe (01)</subfield><subfield code="e">Verfügbar (X)</subfield></datafield></record>