
<record><leader>02609nam a2200000uu 4500</leader><controlfield tag="001">01690234</controlfield><controlfield tag="003">DE-Frei129</controlfield><controlfield tag="005">20220811084054.0</controlfield><controlfield tag="007">tu</controlfield><controlfield tag="008">100818s2010    ||||||||||||||||||||fre||</controlfield><datafield tag="020" ind1=" " ind2=" "><subfield code="a">2090339721</subfield><subfield code="9">2-09-033972-1</subfield></datafield><datafield tag="035" ind1=" " ind2=" "><subfield code="a">(DE-576)1604723289</subfield></datafield><datafield tag="041" ind1=" " ind2=" "><subfield code="a">fre</subfield></datafield><datafield tag="245" ind1="1" ind2="0"><subfield code="a">Dictionnaire de didactique du français langue étrangère et seconde</subfield><subfield code="c">ASDIFLE. [Ouvrage coord. par Jean-Pierre Cuq]</subfield></datafield><datafield tag="250" ind1=" " ind2=" "><subfield code="a">[Nachdr.]</subfield></datafield><datafield tag="260" ind1="3" ind2=" "><subfield code="a">Paris</subfield><subfield code="b">CLE International u.a.</subfield><subfield code="c">2010</subfield></datafield><datafield tag="300" ind1=" " ind2=" "><subfield code="a">303  Seiten</subfield></datafield><datafield tag="500" ind1=" " ind2=" "><subfield code="a">IMD-Felder und 1131 maschinell ergänzt</subfield></datafield><datafield tag="700" ind1="1" ind2=" "><subfield code="0">(DE-588)1014348420</subfield><subfield code="0">(DE-Frei129)01384084</subfield><subfield code="a">Cuq, Jean-Pierre</subfield><subfield code="4">Hrsg.</subfield></datafield><datafield tag="710" ind1="2" ind2=" "><subfield code="0">(DE-Frei129)00012362</subfield><subfield code="0">(DE-588)3017787-X</subfield><subfield code="a">Association de Didactique du Français Langue Etrangère</subfield><subfield code="4">oth</subfield></datafield><datafield tag="852" ind1=" " ind2=" "><subfield code="a">Frei 129</subfield><subfield code="b">PHFR</subfield><subfield code="c">ID 1502 C974</subfield></datafield><datafield tag="980" ind1="0" ind2=" "><subfield code="a">00214360</subfield><subfield code="9">(PHFR)</subfield><subfield code="b">2.OG (35)</subfield><subfield code="c">ID 1502 C974 +3</subfield><subfield code="d">Standardleihe (01)</subfield><subfield code="e">Verfügbar (X)</subfield></datafield><datafield tag="980" ind1="0" ind2=" "><subfield code="a">00414048</subfield><subfield code="9">(PHFR)</subfield><subfield code="b">2.OG (35)</subfield><subfield code="c">ID 1502 C974 +4</subfield><subfield code="d">Standardleihe (01)</subfield><subfield code="e">Verfügbar (X)</subfield></datafield></record>