
<record><leader>04084nam a2200000uu 4500</leader><controlfield tag="001">01689360</controlfield><controlfield tag="003">DE-Frei129</controlfield><controlfield tag="005">20220811084054.0</controlfield><controlfield tag="007">tu</controlfield><controlfield tag="008">100113s2010    ||||||||||||||||||||ger||</controlfield><datafield tag="015" ind1=" " ind2=" "><subfield code="a">10,A17</subfield></datafield><datafield tag="016" ind1="7" ind2=" "><subfield code="a">999025503</subfield><subfield code="2">DE-101</subfield></datafield><datafield tag="020" ind1=" " ind2=" "><subfield code="a">9783867021074</subfield><subfield code="9">9783867021074</subfield><subfield code="c">kart. : EUR 16.90 (DE), EUR 17.40 (AT), sfr 29.90 (freier Pr.)</subfield></datafield><datafield tag="024" ind1="3" ind2=" "><subfield code="a">9783867021074</subfield></datafield><datafield tag="035" ind1=" " ind2=" "><subfield code="a">(DE-576)616410174</subfield></datafield><datafield tag="041" ind1=" " ind2=" "><subfield code="a">ger</subfield></datafield><datafield tag="044" ind1=" " ind2=" "><subfield code="c">XA-DE-NW</subfield></datafield><datafield tag="100" ind1="1" ind2=" "><subfield code="a">Günther, Sybille</subfield><subfield code="0">(DE-Frei129)00811224</subfield><subfield code="0">(DE-588)121542661</subfield></datafield><datafield tag="245" ind1="1" ind2="4"><subfield code="a">Das Wahrnehmungsspielebuch</subfield><subfield code="b">über 250 praxiserprobte Wahrnehmungsspiele für alle Gelegenheiten, für jedes Alter</subfield><subfield code="c">Sybille Günther. Ill. von Mile Penava</subfield></datafield><datafield tag="260" ind1="3" ind2=" "><subfield code="a">Münster</subfield><subfield code="b">Ökotopia-Verl.</subfield><subfield code="c">2010</subfield></datafield><datafield tag="300" ind1=" " ind2=" "><subfield code="a">127 Seiten</subfield><subfield code="b">zahlr. Ill.</subfield><subfield code="c">26 cm</subfield></datafield><datafield tag="500" ind1=" " ind2=" "><subfield code="a">IMD-Felder maschinell generiert (GBV)</subfield></datafield><datafield tag="520" ind1=" " ind2=" "><subfield code="a">Wahrnehmung als ganzheitliches Erlebnis</subfield></datafield><datafield tag="650" ind1=" " ind2="7"><subfield code="a">Wahrnehmungsförderung</subfield><subfield code="0">(DE-Frei129)00041199</subfield><subfield code="0">(DE-588)4124421-7</subfield><subfield code="2">gnd</subfield></datafield><datafield tag="650" ind1=" " ind2="7"><subfield code="a">Kinderspiel</subfield><subfield code="0">(DE-Frei129)00029848</subfield><subfield code="0">(DE-588)4073413-4</subfield><subfield code="2">gnd</subfield></datafield><datafield tag="689" ind1="0" ind2="0"><subfield code="0">(DE-588)4124421-7</subfield><subfield code="D">s</subfield><subfield code="a">Wahrnehmungsförderung </subfield></datafield><datafield tag="689" ind1="0" ind2="1"><subfield code="0">(DE-588)4073413-4</subfield><subfield code="D">s</subfield><subfield code="a">Kinderspiel</subfield><subfield code="5">DE-101</subfield></datafield><datafield tag="700" ind1="1" ind2=" "><subfield code="0">(DE-588)129009008</subfield><subfield code="0">(DE-Frei129)01034319</subfield><subfield code="a">Penava, Mile</subfield><subfield code="4">oth</subfield></datafield><datafield tag="852" ind1=" " ind2=" "><subfield code="a">Frei129</subfield><subfield code="c">Psy B 410: 89</subfield></datafield><datafield tag="856" ind1="4" ind2=" "><subfield code="8">00</subfield><subfield code="u">http://d-nb.info/999025503/04</subfield><subfield code="y">Kurzbeschreibung des Verlags</subfield></datafield><datafield tag="856" ind1="4" ind2=" "><subfield code="8">01</subfield><subfield code="u">http://d-nb.info/999025503/04</subfield><subfield code="y">Verlagsinformation</subfield></datafield><datafield tag="980" ind1="0" ind2=" "><subfield code="a">00212174</subfield><subfield code="9">(PHFR)</subfield><subfield code="b">EG-Anbau (32)</subfield><subfield code="c">Psy B 410: 89</subfield><subfield code="d">Standardleihe (01)</subfield><subfield code="e">Verfügbar (X)</subfield></datafield></record>