
<record><leader>04927nam a2200000uu 4500</leader><controlfield tag="001">01688502</controlfield><controlfield tag="003">DE-Frei129</controlfield><controlfield tag="005">20220811084054.0</controlfield><controlfield tag="007">tu</controlfield><controlfield tag="008">100206s2010    ||||||||||||||||||||ger||</controlfield><datafield tag="015" ind1=" " ind2=" "><subfield code="a">10,A14</subfield></datafield><datafield tag="016" ind1="7" ind2=" "><subfield code="a">99937608X</subfield><subfield code="2">DE-101</subfield></datafield><datafield tag="020" ind1=" " ind2=" "><subfield code="a">9783869101736</subfield><subfield code="9">9783869101736</subfield><subfield code="c">kart. : EUR 16.95 (DE), EUR 17.50 (AT), sfr 32.50 (freier Pr.)</subfield></datafield><datafield tag="024" ind1="3" ind2=" "><subfield code="a">9783869101736</subfield></datafield><datafield tag="035" ind1=" " ind2=" "><subfield code="a">(DE-576)617976872</subfield></datafield><datafield tag="041" ind1=" " ind2=" "><subfield code="a">ger</subfield></datafield><datafield tag="044" ind1=" " ind2=" "><subfield code="c">XA-DE-NI</subfield></datafield><datafield tag="100" ind1="1" ind2=" "><subfield code="a">Striewisch, Tom</subfield><subfield code="0">(DE-Frei129)00145116</subfield><subfield code="0">(DE-588)128945818</subfield></datafield><datafield tag="245" ind1="1" ind2="0"><subfield code="a">Digitalfotografie für Fortgeschrittene</subfield><subfield code="b">perfekt fotografieren mit der Spiegelreflexkamera ; Bildbearbeitung am Computer ; plus DVD mit 5 Stunden Film</subfield><subfield code="c">Tom! Striewisch</subfield></datafield><datafield tag="250" ind1=" " ind2=" "><subfield code="a">5., aktualisierte Aufl.</subfield></datafield><datafield tag="260" ind1="3" ind2=" "><subfield code="a">Hannover</subfield><subfield code="b">Humboldt</subfield><subfield code="c">c2010</subfield></datafield><datafield tag="300" ind1=" " ind2=" "><subfield code="a">254 Seiten</subfield><subfield code="b">Ill., graph. Darst.</subfield><subfield code="c">22 cm</subfield><subfield code="e">1 DVD-ROM (12 cm)</subfield></datafield><datafield tag="490" ind1="0" ind2=" "><subfield code="a">Freizeit &amp; Hobby</subfield></datafield><datafield tag="500" ind1=" " ind2=" "><subfield code="a">IMD-Felder maschinell generiert (GBV)</subfield></datafield><datafield tag="500" ind1=" " ind2=" "><subfield code="a">Systemvoraussetzungen der DVD-ROM-Beil.: aktuelle Betriebssysteme Windows/MAC/Linux; Farbmonitor und Grafikkarte mit 16-Bit-Farbdarstellung; empfohlene Auflösung 1024 x 768 Bildpunkte; DVD-ROM-Laufwerk; zur Wiedergabe sollte der Computer mit einem Browser (Firefox empfohlen) und dem aktuellen Flash-Plugin ausgerüstet sein;</subfield></datafield><datafield tag="500" ind1=" " ind2=" "><subfield code="a">DVD-ROM-Beil.: aktuelle Betriebssysteme Windows/MAC/Linux; Farbmonitor und Grafikkarte mit 16-Bit-Farbdarstellung; empfohlene Auflösung 1024 x 768 Bildpunkte; DVD-ROM-Laufwerk; zur Wiedergabe sollte der Computer mit einem Browser (Firefox empfohlen) und dem aktuellen Flash-Plugin ausgerüstet sein</subfield></datafield><datafield tag="650" ind1=" " ind2="7"><subfield code="a">Digitale Fotografie</subfield><subfield code="0">(DE-Frei129)00019034</subfield><subfield code="0">(DE-588)4763160-0</subfield><subfield code="2">gnd</subfield></datafield><datafield tag="689" ind1="0" ind2="0"><subfield code="0">(DE-588)4763160-0</subfield><subfield code="D">s</subfield><subfield code="a">Digitale Fotografie</subfield><subfield code="5">DE-101</subfield></datafield><datafield tag="852" ind1=" " ind2=" "><subfield code="a">Frei 129</subfield><subfield code="b">PHFR</subfield><subfield code="c">AP 96960 S917 (5)</subfield></datafield><datafield tag="856" ind1="4" ind2=" "><subfield code="8">00</subfield><subfield code="u">http://d-nb.info/99937608X/04</subfield><subfield code="y">Kurzbeschreibung des Verlags</subfield></datafield><datafield tag="856" ind1="4" ind2=" "><subfield code="8">01</subfield><subfield code="u">http://deposit.d-nb.de/cgi-bin/dokserv?id=3412282&amp;prov=M&amp;dok_var=1&amp;dok_ext=htm</subfield><subfield code="y">Verlagsinformation</subfield></datafield><datafield tag="856" ind1="4" ind2=" "><subfield code="8">02</subfield><subfield code="u">http://deposit.d-nb.de/cgi-bin/dokserv?id=3412282&amp;prov=M&amp;dok_var=1&amp;dok_ext=htm</subfield><subfield code="y">Inhaltstext</subfield></datafield><datafield tag="856" ind1="4" ind2=" "><subfield code="8">03</subfield><subfield code="u">http://d-nb.info/99937608X/04</subfield><subfield code="y">Verlagsinformation</subfield></datafield><datafield tag="980" ind1="0" ind2=" "><subfield code="a">00209248</subfield><subfield code="9">(PHFR)</subfield><subfield code="b">UG (33)</subfield><subfield code="c">AP 96960 S917 (5)</subfield><subfield code="d">Standardleihe (01)</subfield><subfield code="e">Verfügbar (X)</subfield></datafield></record>