
<record><leader>09456nam a2200000uu 4500</leader><controlfield tag="001">01687610</controlfield><controlfield tag="003">DE-Frei129</controlfield><controlfield tag="005">20220811084054.0</controlfield><controlfield tag="007">tu</controlfield><controlfield tag="008">101004s2010    ||||||||||||||||||||ger||</controlfield><datafield tag="020" ind1=" " ind2=" "><subfield code="a">9783423247429</subfield><subfield code="9">9783423247429</subfield></datafield><datafield tag="024" ind1="3" ind2=" "><subfield code="a">9783423247429</subfield></datafield><datafield tag="035" ind1=" " ind2=" "><subfield code="a">(DE-576)635998602</subfield></datafield><datafield tag="041" ind1=" " ind2=" "><subfield code="a">ger</subfield><subfield code="h">eng</subfield></datafield><datafield tag="044" ind1=" " ind2=" "><subfield code="c">XA-DE</subfield><subfield code="c">XA-DE-BY</subfield></datafield><datafield tag="100" ind1="1" ind2=" "><subfield code="a">Alexie, Sherman</subfield><subfield code="0">(DE-Frei129)00520684</subfield><subfield code="0">(DE-588)115374930</subfield></datafield><datafield tag="245" ind1="1" ind2="4"><subfield code="a">Das absolut wahre Tagebuch eines Teilzeit-Indianers</subfield><subfield code="b">Roman</subfield><subfield code="c">Sherman Alexie. Aus dem Amerikan. von Katharina Orgaß ... [Ill.: Ellen Forney]</subfield></datafield><datafield tag="246" ind1="1" ind2="3"><subfield code="a">The absolutely true diary of a part-time Indian</subfield></datafield><datafield tag="250" ind1=" " ind2=" "><subfield code="a">Dt. Erstausg., 2. Aufl.</subfield></datafield><datafield tag="260" ind1="3" ind2=" "><subfield code="a">München</subfield><subfield code="b">Dt. Taschenbuch-Verl.</subfield><subfield code="c">2010</subfield></datafield><datafield tag="300" ind1=" " ind2=" "><subfield code="a">267 Seiten</subfield><subfield code="b">Ill.</subfield></datafield><datafield tag="490" ind1="0" ind2=" "><subfield code="a">dtv </subfield><subfield code="v">24742</subfield></datafield><datafield tag="500" ind1=" " ind2=" "><subfield code="a">National Book Award 2007, Akademie für Kinder- u. Jugendliteratur &quot;Buch des Monats Oktober&quot; 2009, Deutschlandfunk/Focus &quot;Die Besten 7 - Bücher für junge Leser&quot; 2009, Bulletin Jugend &amp; Literatur &quot;Eule des Monats&quot; 2009</subfield></datafield><datafield tag="500" ind1=" " ind2=" "><subfield code="a">IMD-Felder maschinell generiert (GBV)</subfield></datafield><datafield tag="610" ind1="1" ind2="7"><subfield code="a">Reardan, Wash.</subfield><subfield code="0">(DE-Frei129)00490431</subfield><subfield code="0">(DE-588)7680840-3</subfield><subfield code="2">gnd</subfield></datafield><datafield tag="650" ind1=" " ind2="7"><subfield code="a">High school</subfield><subfield code="0">(DE-Frei129)00059209</subfield><subfield code="0">(DE-588)4159840-4</subfield><subfield code="2">gnd</subfield></datafield><datafield tag="650" ind1=" " ind2="7"><subfield code="a">Mitschüler</subfield><subfield code="0">(DE-Frei129)00102669</subfield><subfield code="0">(DE-588)4498171-5</subfield><subfield code="2">gnd</subfield></datafield><datafield tag="650" ind1=" " ind2="7"><subfield code="a">Spokan</subfield><subfield code="0">(DE-Frei129)00489699</subfield><subfield code="0">(DE-588)4481504-9</subfield><subfield code="2">gnd</subfield></datafield><datafield tag="650" ind1=" " ind2="7"><subfield code="a">Indianerreservat</subfield><subfield code="0">(DE-Frei129)00011703</subfield><subfield code="0">(DE-588)4026721-0</subfield><subfield code="2">gnd</subfield></datafield><datafield tag="650" ind1=" " ind2="7"><subfield code="a">Männliche Jugend</subfield><subfield code="0">(DE-Frei129)00084382</subfield><subfield code="0">(DE-588)4290802-4</subfield><subfield code="2">gnd</subfield></datafield><datafield tag="650" ind1=" " ind2="7"><subfield code="a">Alltag</subfield><subfield code="0">(DE-Frei129)00001097</subfield><subfield code="0">(DE-588)4001307-8</subfield><subfield code="2">gnd</subfield></datafield><datafield tag="650" ind1=" " ind2="7"><subfield code="a">Unzufriedenheit</subfield><subfield code="0">(DE-Frei129)00044684</subfield><subfield code="0">(DE-588)4187141-8</subfield><subfield code="2">gnd</subfield></datafield><datafield tag="650" ind1=" " ind2="7"><subfield code="a">High school</subfield><subfield code="0">(DE-Frei129)00059209</subfield><subfield code="0">(DE-588)4159840-4</subfield><subfield code="2">gnd</subfield></datafield><datafield tag="650" ind1=" " ind2="7"><subfield code="a">Kulturkonflikt</subfield><subfield code="0">(DE-Frei129)00043444</subfield><subfield code="0">(DE-588)4127656-5</subfield><subfield code="2">gnd</subfield></datafield><datafield tag="650" ind1=" " ind2="7"><subfield code="a">Mitschüler</subfield><subfield code="0">(DE-Frei129)00102669</subfield><subfield code="0">(DE-588)4498171-5</subfield><subfield code="2">gnd</subfield></datafield><datafield tag="689" ind1="0" ind2="0"><subfield code="0">(DE-588)4481504-9</subfield><subfield code="D">s</subfield><subfield code="a">Spokan </subfield></datafield><datafield tag="689" ind1="0" ind2="1"><subfield code="0">(DE-588)4026721-0</subfield><subfield code="D">s</subfield><subfield code="a">Indianerreservat </subfield></datafield><datafield tag="689" ind1="0" ind2="2"><subfield code="0">(DE-588)4290802-4</subfield><subfield code="D">s</subfield><subfield code="a">Männliche Jugend </subfield></datafield><datafield tag="689" ind1="0" ind2="3"><subfield code="0">(DE-588)4001307-8</subfield><subfield code="D">s</subfield><subfield code="a">Alltag </subfield></datafield><datafield tag="689" ind1="0" ind2="4"><subfield code="0">(DE-588)4187141-8</subfield><subfield code="D">s</subfield><subfield code="a">Unzufriedenheit</subfield><subfield code="5">DE-101</subfield></datafield><datafield tag="689" ind1="1" ind2="0"><subfield code="0">(DE-588)7680840-3</subfield><subfield code="D">g</subfield><subfield code="a">Reardan, Wash. </subfield></datafield><datafield tag="689" ind1="1" ind2="1"><subfield code="0">(DE-588)4159840-4</subfield><subfield code="D">s</subfield><subfield code="a">High school </subfield></datafield><datafield tag="689" ind1="1" ind2="2"><subfield code="0">(DE-588)4290802-4</subfield><subfield code="D">s</subfield><subfield code="a">Männliche Jugend </subfield></datafield><datafield tag="689" ind1="1" ind2="3"><subfield code="0">(DE-588)4127656-5</subfield><subfield code="D">s</subfield><subfield code="a">Kulturkonflikt </subfield></datafield><datafield tag="689" ind1="1" ind2="4"><subfield code="0">(DE-588)4498171-5</subfield><subfield code="D">s</subfield><subfield code="a">Mitschüler</subfield><subfield code="5">DE-101</subfield></datafield><datafield tag="689" ind1="2" ind2="0"><subfield code="0">(DE-588)4481504-9</subfield><subfield code="D">s</subfield><subfield code="a">Spokan </subfield></datafield><datafield tag="689" ind1="2" ind2="1"><subfield code="0">(DE-588)4026721-0</subfield><subfield code="D">s</subfield><subfield code="a">Indianerreservat </subfield></datafield><datafield tag="689" ind1="2" ind2="2"><subfield code="0">(DE-588)4290802-4</subfield><subfield code="D">s</subfield><subfield code="a">Männliche Jugend </subfield></datafield><datafield tag="689" ind1="2" ind2="3"><subfield code="0">(DE-588)4001307-8</subfield><subfield code="D">s</subfield><subfield code="a">Alltag </subfield></datafield><datafield tag="689" ind1="2" ind2="4"><subfield code="0">(DE-588)4187141-8</subfield><subfield code="D">s</subfield><subfield code="a">Unzufriedenheit </subfield></datafield><datafield tag="689" ind1="2" ind2="5"><subfield code="0">(DE-588)4159840-4</subfield><subfield code="D">s</subfield><subfield code="a">High school </subfield></datafield><datafield tag="689" ind1="2" ind2="6"><subfield code="0">(DE-588)4127656-5</subfield><subfield code="D">s</subfield><subfield code="a">Kulturkonflikt </subfield></datafield><datafield tag="689" ind1="2" ind2="7"><subfield code="0">(DE-588)4498171-5</subfield><subfield code="D">s</subfield><subfield code="a">Mitschüler</subfield><subfield code="5">DE-101</subfield></datafield><datafield tag="700" ind1="1" ind2=" "><subfield code="0">(DE-588)136630626</subfield><subfield code="0">(DE-Frei129)00566565</subfield><subfield code="a">Orgaß, Katharina</subfield><subfield code="4">Übers.</subfield></datafield><datafield tag="700" ind1="1" ind2=" "><subfield code="0">(DE-588)1035035952</subfield><subfield code="0">(DE-Frei129)00953926</subfield><subfield code="a">Forney, Ellen</subfield><subfield code="4">oth</subfield></datafield><datafield tag="700" ind1="1" ind2=" "><subfield code="0">(DE-588)113640099</subfield><subfield code="0">(DE-Frei129)00485528</subfield><subfield code="a">Jung, Gerald</subfield><subfield code="4">Übers.</subfield></datafield><datafield tag="852" ind1=" " ind2=" "><subfield code="a">Frei129</subfield><subfield code="c">HU 9800 A384 (2)</subfield></datafield><datafield tag="856" ind1="4" ind2=" "><subfield code="8">00</subfield><subfield code="u">http://www.gbv.de/dms/faz-rez/FFB200911272509182.pdf</subfield><subfield code="y">Rezension</subfield></datafield><datafield tag="980" ind1="0" ind2=" "><subfield code="a">00209717</subfield><subfield code="9">(PHFR)</subfield><subfield code="b">2.OG (35)</subfield><subfield code="c">HU 9800 A384 (2)</subfield><subfield code="d">Standardleihe (01)</subfield><subfield code="e">Verfügbar (X)</subfield></datafield></record>