
<record><leader>03873nam a2200000uu 4500</leader><controlfield tag="001">01686000</controlfield><controlfield tag="003">DE-Frei129</controlfield><controlfield tag="005">20220811084054.0</controlfield><controlfield tag="007">tu</controlfield><controlfield tag="008">100512s2010    ||||||||||||||||||||ger||</controlfield><datafield tag="020" ind1=" " ind2=" "><subfield code="a">9783451059179</subfield><subfield code="9">9783451059179</subfield></datafield><datafield tag="035" ind1=" " ind2=" "><subfield code="a">(DE-576)626007879</subfield></datafield><datafield tag="041" ind1=" " ind2=" "><subfield code="a">ger</subfield></datafield><datafield tag="044" ind1=" " ind2=" "><subfield code="c">XA-DE-BW</subfield><subfield code="c">XA-CH</subfield><subfield code="c">XA-AT</subfield></datafield><datafield tag="100" ind1="1" ind2=" "><subfield code="a">Montessori, Maria</subfield><subfield code="0">(DE-Frei129)00038196</subfield><subfield code="0">(DE-588)118583697</subfield></datafield><datafield tag="245" ind1="1" ind2="0"><subfield code="a">10 Grundsätze des Erziehens</subfield><subfield code="c">Maria Montessori. Hrsg. von Ingeborg Becker-Textor</subfield></datafield><datafield tag="246" ind1="1" ind2="0"><subfield code="a">Zehn Grundsätze des Erziehens</subfield></datafield><datafield tag="250" ind1=" " ind2=" "><subfield code="a">3. Aufl. der Jubiläumsausg. 2010</subfield></datafield><datafield tag="260" ind1="3" ind2=" "><subfield code="a">Freiburg im Breisgau ; Basel ; Wien</subfield><subfield code="b">Herder</subfield><subfield code="c">2010</subfield></datafield><datafield tag="300" ind1=" " ind2=" "><subfield code="a">151 Seiten</subfield><subfield code="c">19 cm</subfield></datafield><datafield tag="490" ind1="0" ind2=" "><subfield code="a">Herder-Spektrum </subfield><subfield code="v">5917</subfield></datafield><datafield tag="490" ind1="0" ind2=" "><subfield code="a">Bibliothek des Lebens</subfield></datafield><datafield tag="500" ind1=" " ind2=" "><subfield code="a">IMD-Felder maschinell generiert (GBV)</subfield></datafield><datafield tag="500" ind1=" " ind2=" "><subfield code="a">Archivierung/Langzeitarchivierung gewährleistet</subfield></datafield><datafield tag="650" ind1=" " ind2="7"><subfield code="a">Montessori-Pädagogik</subfield><subfield code="0">(DE-Frei129)00039803</subfield><subfield code="0">(DE-588)4122290-8</subfield><subfield code="2">gnd</subfield></datafield><datafield tag="650" ind1=" " ind2="7"><subfield code="a">Montessori-Pädagogik</subfield><subfield code="0">(DE-Frei129)00039803</subfield><subfield code="0">(DE-588)4122290-8</subfield><subfield code="2">gnd</subfield></datafield><datafield tag="689" ind1="0" ind2="0"><subfield code="0">(DE-588)4122290-8</subfield><subfield code="D">s</subfield><subfield code="a">Montessori-Pädagogik</subfield><subfield code="5">DE-101</subfield></datafield><datafield tag="700" ind1="1" ind2=" "><subfield code="0">(DE-588)121290204</subfield><subfield code="0">(DE-Frei129)00074919</subfield><subfield code="a">Becker-Textor, Ingeborg</subfield><subfield code="4">Hrsg.</subfield></datafield><datafield tag="852" ind1=" " ind2=" "><subfield code="a">Frei129</subfield><subfield code="c">Paed B 150: 113 d</subfield></datafield><datafield tag="980" ind1="0" ind2=" "><subfield code="a">00218500</subfield><subfield code="9">(PHFR)</subfield><subfield code="b">EG-Anbau (32)</subfield><subfield code="c">Paed B 150: 113 d</subfield><subfield code="d">Standardleihe (01)</subfield><subfield code="e">Verfügbar (X)</subfield></datafield><datafield tag="980" ind1="0" ind2=" "><subfield code="a">00218501</subfield><subfield code="9">(PHFR)</subfield><subfield code="b">EG-Anbau (32)</subfield><subfield code="c">Paed B 150: 113 c</subfield><subfield code="d">Standardleihe (01)</subfield><subfield code="e">Verfügbar (X)</subfield></datafield></record>