
<record><leader>05780nam a2200000uu 4500</leader><controlfield tag="001">01645600</controlfield><controlfield tag="003">DE-Frei129</controlfield><controlfield tag="005">20220811084054.0</controlfield><controlfield tag="007">tu</controlfield><controlfield tag="008">110114s2010    ||||||||||||||||||||ger||</controlfield><datafield tag="020" ind1=" " ind2=" "><subfield code="a">9783100043085</subfield><subfield code="9">9783100043085</subfield></datafield><datafield tag="024" ind1="3" ind2=" "><subfield code="a">9783100043085</subfield></datafield><datafield tag="035" ind1=" " ind2=" "><subfield code="a">(DE-576)643964630</subfield></datafield><datafield tag="041" ind1=" " ind2=" "><subfield code="a">ger</subfield></datafield><datafield tag="044" ind1=" " ind2=" "><subfield code="c">XA-DE-HE</subfield></datafield><datafield tag="100" ind1="1" ind2=" "><subfield code="a">Bode, Thilo</subfield><subfield code="0">(DE-Frei129)00174969</subfield><subfield code="0">(DE-588)11933772X</subfield></datafield><datafield tag="245" ind1="1" ind2="4"><subfield code="a">Die Essensfälscher</subfield><subfield code="b">was uns die Lebensmittelkonzerne auf die Teller lügen</subfield><subfield code="c">Thilo Bode</subfield></datafield><datafield tag="250" ind1=" " ind2=" "><subfield code="a">7. Aufl.</subfield></datafield><datafield tag="260" ind1="3" ind2=" "><subfield code="a">Frankfurt am Main</subfield><subfield code="b">Fischer</subfield><subfield code="c">2010</subfield></datafield><datafield tag="300" ind1=" " ind2=" "><subfield code="a">222 S</subfield><subfield code="c">215 mm x 140 mm</subfield></datafield><datafield tag="500" ind1=" " ind2=" "><subfield code="a">Quellenverzeichnis S. 207 - [223]</subfield></datafield><datafield tag="500" ind1=" " ind2=" "><subfield code="a">IMD-Felder maschinell generiert (GBV)</subfield></datafield><datafield tag="650" ind1=" " ind2="7"><subfield code="a">Lebensmittel</subfield><subfield code="0">(DE-Frei129)00007235</subfield><subfield code="0">(DE-588)4034870-2</subfield><subfield code="2">gnd</subfield></datafield><datafield tag="650" ind1=" " ind2="7"><subfield code="a">Gesundheitsgefährdung</subfield><subfield code="0">(DE-Frei129)00029055</subfield><subfield code="0">(DE-588)4071808-6</subfield><subfield code="2">gnd</subfield></datafield><datafield tag="650" ind1=" " ind2="7"><subfield code="a">Lebensmittelindustrie</subfield><subfield code="0">(DE-Frei129)00015074</subfield><subfield code="0">(DE-588)4034889-1</subfield><subfield code="2">gnd</subfield></datafield><datafield tag="650" ind1=" " ind2="7"><subfield code="a">Verbraucherinformation</subfield><subfield code="0">(DE-Frei129)00026374</subfield><subfield code="0">(DE-588)4066409-0</subfield><subfield code="2">gnd</subfield></datafield><datafield tag="650" ind1=" " ind2="7"><subfield code="a">Lebensmittel</subfield><subfield code="0">(DE-Frei129)00007235</subfield><subfield code="0">(DE-588)4034870-2</subfield><subfield code="2">gnd</subfield></datafield><datafield tag="650" ind1=" " ind2="7"><subfield code="a">Qualität</subfield><subfield code="0">(DE-Frei129)00019907</subfield><subfield code="0">(DE-588)4047966-3</subfield><subfield code="2">gnd</subfield></datafield><datafield tag="650" ind1=" " ind2="7"><subfield code="a">Gesundheitsgefährdung</subfield><subfield code="0">(DE-Frei129)00029055</subfield><subfield code="0">(DE-588)4071808-6</subfield><subfield code="2">gnd</subfield></datafield><datafield tag="651" ind1=" " ind2="7"><subfield code="a">Deutschland</subfield><subfield code="0">(DE-Frei129)00005806</subfield><subfield code="0">(DE-588)4011882-4</subfield><subfield code="2">gnd</subfield></datafield><datafield tag="689" ind1="0" ind2="0"><subfield code="0">(DE-588)4011882-4</subfield><subfield code="D">g</subfield><subfield code="a">Deutschland </subfield></datafield><datafield tag="689" ind1="0" ind2="1"><subfield code="0">(DE-588)4034889-1</subfield><subfield code="D">s</subfield><subfield code="a">Lebensmittelindustrie </subfield></datafield><datafield tag="689" ind1="0" ind2="2"><subfield code="0">(DE-588)4066409-0</subfield><subfield code="D">s</subfield><subfield code="a">Verbraucherinformation </subfield></datafield><datafield tag="689" ind1="0" ind2="3"><subfield code="0">(DE-588)4034870-2</subfield><subfield code="D">s</subfield><subfield code="a">Lebensmittel </subfield></datafield><datafield tag="689" ind1="0" ind2="4"><subfield code="0">(DE-588)4047966-3</subfield><subfield code="D">s</subfield><subfield code="a">Qualität </subfield></datafield><datafield tag="689" ind1="0" ind2="5"><subfield code="0">(DE-588)4071808-6</subfield><subfield code="D">s</subfield><subfield code="a">Gesundheitsgefährdung</subfield><subfield code="5">DE-101</subfield></datafield><datafield tag="852" ind1=" " ind2=" "><subfield code="a">Frei 129</subfield><subfield code="b">PHFR</subfield><subfield code="c">ZE 56000 B666 (7)</subfield></datafield><datafield tag="856" ind1="4" ind2=" "><subfield code="8">00</subfield><subfield code="u">http://external.dandelon.com/download/attachments/dandelon/ids/FL001527C5E42964AF646C12577D6005C055B.pdf</subfield><subfield code="y">Inhaltsverzeichnis</subfield></datafield><datafield tag="856" ind1="4" ind2=" "><subfield code="8">01</subfield><subfield code="u">https://external.dandelon.com/download/attachments/dandelon/ids/FL001527C5E42964AF646C12577D6005C055B.pdf</subfield><subfield code="y">Verlagsinformation</subfield></datafield><datafield tag="980" ind1="0" ind2=" "><subfield code="a">00213961</subfield><subfield code="9">(PHFR)</subfield><subfield code="b">3.OG (37)</subfield><subfield code="c">ZE 56000 B666 (7)</subfield><subfield code="d">Standardleihe (01)</subfield><subfield code="e">Verfügbar (X)</subfield></datafield></record>