
<record><leader>08217nam a2200000uu 4500</leader><controlfield tag="001">01623126</controlfield><controlfield tag="003">DE-Frei129</controlfield><controlfield tag="005">20220811084054.0</controlfield><controlfield tag="007">tu</controlfield><controlfield tag="008">100224s2010    ||||||||||||||||||||eng||</controlfield><datafield tag="015" ind1=" " ind2=" "><subfield code="a">10,N08</subfield></datafield><datafield tag="016" ind1="7" ind2=" "><subfield code="a">1000214303</subfield><subfield code="2">DE-101</subfield></datafield><datafield tag="020" ind1=" " ind2=" "><subfield code="a">9783034303989</subfield><subfield code="9">9783034303989</subfield><subfield code="c">PB. : EUR 32.40 (freier Pr.), EUR 33.30 (AT) (freier Pr.), sfr 47.00 (freier Pr.)</subfield></datafield><datafield tag="024" ind1="3" ind2=" "><subfield code="a">9783034303989</subfield></datafield><datafield tag="035" ind1=" " ind2=" "><subfield code="a">(DE-576)61968867X</subfield></datafield><datafield tag="041" ind1=" " ind2=" "><subfield code="a">eng</subfield><subfield code="a">ger</subfield><subfield code="a">fre</subfield></datafield><datafield tag="044" ind1=" " ind2=" "><subfield code="c">XA-CH</subfield><subfield code="c">XA-DE</subfield><subfield code="c">XA-BE</subfield></datafield><datafield tag="245" ind1="1" ind2="0"><subfield code="a">Europa in Sagen und Märchen</subfield><subfield code="b">ein anderer Zugang zu europäischen Kulturen und Sprachen für den Fremdsprachenunterricht der Grundschule</subfield><subfield code="c">Béatrice Giribone-Fritz; Renate Krüger; Chantal Muller</subfield></datafield><datafield tag="250" ind1=" " ind2=" "><subfield code="a">1. Aufl.</subfield></datafield><datafield tag="260" ind1="3" ind2=" "><subfield code="a">Bern ; Berlin ; Frankfurt am Main [u.a.]</subfield><subfield code="b">Lang</subfield><subfield code="c">c 2010</subfield></datafield><datafield tag="300" ind1=" " ind2=" "><subfield code="a">168 Seiten</subfield><subfield code="b">Ill., Kt.</subfield><subfield code="c">23 cm</subfield></datafield><datafield tag="490" ind1="1" ind2=" "><subfield code="a">Mehrsprachigkeit in Europa </subfield><subfield code="v">3</subfield></datafield><datafield tag="500" ind1=" " ind2=" "><subfield code="a">Text teilw. in dt., teilw. in engl., teilw. in franz. Sprache</subfield></datafield><datafield tag="500" ind1=" " ind2=" "><subfield code="a">Text in dt., engl. und franz.</subfield></datafield><datafield tag="500" ind1=" " ind2=" "><subfield code="a">IMD-Felder maschinell generiert (GBV)</subfield></datafield><datafield tag="648" ind1=" " ind2="7"><subfield code="a">Europe</subfield><subfield code="0">(DE-Frei129)14259348</subfield><subfield code="2">local</subfield></datafield><datafield tag="650" ind1=" " ind2="7"><subfield code="a">Fremdsprachenunterricht</subfield><subfield code="0">(DE-Frei129)00008718</subfield><subfield code="0">(DE-588)4018428-6</subfield><subfield code="2">gnd</subfield></datafield><datafield tag="650" ind1=" " ind2="7"><subfield code="a">Sage</subfield><subfield code="0">(DE-Frei129)00021065</subfield><subfield code="0">(DE-588)4051288-5</subfield><subfield code="2">gnd</subfield></datafield><datafield tag="650" ind1=" " ind2="7"><subfield code="a">Märchen</subfield><subfield code="0">(DE-Frei129)00015771</subfield><subfield code="0">(DE-588)4036910-9</subfield><subfield code="2">gnd</subfield></datafield><datafield tag="650" ind1=" " ind2="7"><subfield code="a">Fremdsprachenunterricht</subfield><subfield code="0">(DE-Frei129)00008718</subfield><subfield code="0">(DE-588)4018428-6</subfield><subfield code="2">gnd</subfield></datafield><datafield tag="650" ind1=" " ind2="7"><subfield code="a">Projekt</subfield><subfield code="0">(DE-Frei129)00028538</subfield><subfield code="0">(DE-588)4115645-6</subfield><subfield code="2">gnd</subfield></datafield><datafield tag="650" ind1=" " ind2="7"><subfield code="a">Languages, Modern</subfield><subfield code="x">Study and teaching (Elementary)</subfield><subfield code="0">(DE-Frei129)14335805</subfield><subfield code="2">local</subfield></datafield><datafield tag="650" ind1=" " ind2="7"><subfield code="a">Legends</subfield><subfield code="0">(DE-Frei129)00389380</subfield><subfield code="2">local</subfield></datafield><datafield tag="650" ind1=" " ind2="7"><subfield code="a">Tales</subfield><subfield code="0">(DE-Frei129)00390558</subfield><subfield code="2">local</subfield></datafield><datafield tag="651" ind1=" " ind2="7"><subfield code="a">Europa</subfield><subfield code="0">(DE-Frei129)00007416</subfield><subfield code="0">(DE-588)4015701-5</subfield><subfield code="2">gnd</subfield></datafield><datafield tag="689" ind1="0" ind2="0"><subfield code="0">(DE-588)4015701-5</subfield><subfield code="D">g</subfield><subfield code="a">Europa </subfield></datafield><datafield tag="689" ind1="0" ind2="1"><subfield code="0">(DE-588)4051288-5</subfield><subfield code="D">s</subfield><subfield code="a">Sage </subfield></datafield><datafield tag="689" ind1="0" ind2="2"><subfield code="0">(DE-588)4036910-9</subfield><subfield code="D">s</subfield><subfield code="a">Märchen </subfield></datafield><datafield tag="689" ind1="0" ind2="3"><subfield code="0">(DE-588)4018428-6</subfield><subfield code="D">s</subfield><subfield code="a">Fremdsprachenunterricht </subfield></datafield><datafield tag="689" ind1="0" ind2="4"><subfield code="0">(DE-588)4115645-6</subfield><subfield code="D">s</subfield><subfield code="a">Projekt</subfield><subfield code="5">DE-101</subfield></datafield><datafield tag="689" ind1="1" ind2="0"><subfield code="A">s</subfield><subfield code="a">Languages, Modern / Study and teaching (Elementary)</subfield><subfield code="5">DE-101</subfield></datafield><datafield tag="689" ind1="2" ind2="0"><subfield code="A">s</subfield><subfield code="a">Legends </subfield></datafield><datafield tag="689" ind1="2" ind2="1"><subfield code="A">s</subfield><subfield code="a">Europe</subfield><subfield code="5">DE-101</subfield></datafield><datafield tag="689" ind1="3" ind2="0"><subfield code="A">s</subfield><subfield code="a">Tales </subfield></datafield><datafield tag="689" ind1="3" ind2="1"><subfield code="A">s</subfield><subfield code="a">Europe</subfield><subfield code="5">DE-101</subfield></datafield><datafield tag="700" ind1="1" ind2=" "><subfield code="0">(DE-588)140851976</subfield><subfield code="0">(DE-Frei129)00544374</subfield><subfield code="a">Giribone-Fritz, Béatrice</subfield><subfield code="4">aut</subfield></datafield><datafield tag="700" ind1="1" ind2=" "><subfield code="0">(DE-588)135531012</subfield><subfield code="0">(DE-Frei129)58093066</subfield><subfield code="a">Krüger, Renate</subfield><subfield code="4">aut</subfield></datafield><datafield tag="700" ind1="1" ind2=" "><subfield code="0">(DE-588)140851992</subfield><subfield code="0">(DE-Frei129)58093100</subfield><subfield code="a">Muller, Chantal</subfield><subfield code="4">aut</subfield></datafield><datafield tag="776" ind1="0" ind2="8"><subfield code="a">Béatrice Giribone-Fritz ; Renate Krüger ; Chantal Muller</subfield><subfield code="i">Erscheint auch als Online-Ausgabe</subfield><subfield code="t">Europa in Sagen und Maerchen</subfield><subfield code="w">(DE-Frei129)02574373</subfield><subfield code="w">(DE-576)1653106387</subfield></datafield><datafield tag="830" ind1=" " ind2="0"><subfield code="a">Mehrsprachigkeit in Europa</subfield><subfield code="v">3</subfield><subfield code="w">(DE-Frei129)03004364</subfield><subfield code="9">13</subfield></datafield><datafield tag="852" ind1=" " ind2=" "><subfield code="a">Frei 129</subfield><subfield code="b">PHFR</subfield><subfield code="c">ES 862 G525</subfield></datafield><datafield tag="856" ind1="4" ind2=" "><subfield code="8">00</subfield><subfield code="u">http://d-nb.info/1000214303/04</subfield><subfield code="y">Inhaltsverzeichnis</subfield></datafield><datafield tag="980" ind1="0" ind2=" "><subfield code="a">00213367</subfield><subfield code="9">(PHFR)</subfield><subfield code="b">2.OG (35)</subfield><subfield code="c">ES 862 G525</subfield><subfield code="d">Standardleihe (01)</subfield><subfield code="e">Verfügbar (X)</subfield></datafield></record>