
<record><leader>05248nam a2200000uu 4500</leader><controlfield tag="001">01622542</controlfield><controlfield tag="003">DE-Frei129</controlfield><controlfield tag="005">20220811084054.0</controlfield><controlfield tag="007">tu</controlfield><controlfield tag="008">100908s2010    ||||||||||||||||||||ger||</controlfield><datafield tag="015" ind1=" " ind2=" "><subfield code="a">10,A46</subfield></datafield><datafield tag="016" ind1="7" ind2=" "><subfield code="a">1006361766</subfield><subfield code="2">DE-101</subfield></datafield><datafield tag="020" ind1=" " ind2=" "><subfield code="a">9783841060242</subfield><subfield code="9">9783841060242</subfield><subfield code="c">Pp. : EUR 24.90 (DE), EUR 25.60 (AT), sfr 41.50 (freier Pr.)</subfield></datafield><datafield tag="024" ind1="3" ind2=" "><subfield code="a">9783841060242</subfield></datafield><datafield tag="024" ind1="8" ind2=" "><subfield code="a">1753686636</subfield></datafield><datafield tag="035" ind1=" " ind2=" "><subfield code="a">(DE-576)634755188</subfield></datafield><datafield tag="041" ind1=" " ind2=" "><subfield code="a">ger</subfield><subfield code="h">eng</subfield></datafield><datafield tag="044" ind1=" " ind2=" "><subfield code="c">XA-DE-BW</subfield></datafield><datafield tag="100" ind1="1" ind2=" "><subfield code="a">Crowfoot, Jane</subfield><subfield code="0">(DE-Frei129)00544115</subfield></datafield><datafield tag="245" ind1="1" ind2="0"><subfield code="a">Handbuch Häkeln</subfield><subfield code="b">das große Nachschlagewerk zu allen Techniken</subfield><subfield code="c">Jane Crowfoot. [Übers.: Helene Weinold-Leipold. Red.: Franziska Schlesinger]</subfield></datafield><datafield tag="246" ind1="1" ind2="3"><subfield code="a">Ultimate crochet bible</subfield></datafield><datafield tag="260" ind1="3" ind2=" "><subfield code="a">Freiburg</subfield><subfield code="b">Christophhorus</subfield><subfield code="c">2010</subfield></datafield><datafield tag="300" ind1=" " ind2=" "><subfield code="a">304 Seiten</subfield><subfield code="b">zahlr. Ill., graph. Darst.</subfield><subfield code="c">29 cm</subfield></datafield><datafield tag="490" ind1="0" ind2=" "><subfield code="a">OZ creativ</subfield></datafield><datafield tag="500" ind1=" " ind2=" "><subfield code="a">IMD-Felder maschinell generiert (GBV)</subfield></datafield><datafield tag="500" ind1=" " ind2=" "><subfield code="a">Archivierung/Langzeitarchivierung gewährleistet</subfield></datafield><datafield tag="520" ind1=" " ind2=" "><subfield code="a">Umfassendes Nachschlagewerk, das ausführlich mit der Häkeltechnik vertraut macht. Bevor es detaillierte Informationen zu Garnen, Nadeln und Zubehör gibt, wird kurz auf die Geschichte des Häkelns eingegangen. Neben dem einführenden Grundlehrgang werden Schritt für Schritt Struktur und Lochmuster, Häkelspitzen, das Einarbeiten von Perlen und Pailletten und das Häkeln auf schon bestehendem Häkelgrund erklärt. Auch weniger bekannte Musterarten wie die Tetrelac-Technik finden hier Erwähnung. Neben den vielen zum Nacharbeiten empfohlenen Musteranregungen gibt es wertvolle Tipps zum Gelingen, vom Beginn der Arbeit bis zur Pflege der fertigen Häkelteile Für Anfänger und Fortgeschrittene gleichermassen gut geeignet und auch für alle, die mehr als &quot;nur&quot; Topflappen häkeln wollen. Neben &quot;Das grosse Buch vom Häkeln&quot; (BA 5/10) oder &quot;Die grosse Häkelschule&quot; (BA 5/09). (2)</subfield></datafield><datafield tag="650" ind1=" " ind2="7"><subfield code="a">Häkeln</subfield><subfield code="0">(DE-Frei129)00010387</subfield><subfield code="0">(DE-588)4022786-8</subfield><subfield code="2">gnd</subfield></datafield><datafield tag="689" ind1="0" ind2="0"><subfield code="0">(DE-588)4022786-8</subfield><subfield code="D">s</subfield><subfield code="a">Häkeln</subfield><subfield code="5">DE-101</subfield></datafield><datafield tag="852" ind1=" " ind2=" "><subfield code="a">Frei 129</subfield><subfield code="b">PHFR</subfield><subfield code="c">ZS 6250 C953</subfield></datafield><datafield tag="856" ind1="4" ind2=" "><subfield code="8">00</subfield><subfield code="u">http://d-nb.info/1006361766/04</subfield><subfield code="y">Kurzbeschreibung des Verlags</subfield></datafield><datafield tag="856" ind1="4" ind2=" "><subfield code="8">01</subfield><subfield code="u">http://deposit.d-nb.de/cgi-bin/dokserv?id=3529221&amp;prov=M&amp;dok_var=1&amp;dok_ext=htm</subfield><subfield code="y">Verlagsinformation</subfield></datafield><datafield tag="856" ind1="4" ind2=" "><subfield code="8">02</subfield><subfield code="u">http://d-nb.info/1006361766/04</subfield><subfield code="y">Inhaltsverzeichnis</subfield></datafield><datafield tag="856" ind1="4" ind2=" "><subfield code="8">03</subfield><subfield code="u">http://deposit.d-nb.de/cgi-bin/dokserv?id=3529221&amp;prov=M&amp;dok_var=1&amp;dok_ext=htm</subfield><subfield code="y">Verlagsinformation</subfield></datafield><datafield tag="980" ind1="0" ind2=" "><subfield code="a">00217563</subfield><subfield code="9">(PHFR)</subfield><subfield code="b">3.OG (37)</subfield><subfield code="c">ZS 6250 C953</subfield><subfield code="d">Standardleihe (01)</subfield><subfield code="e">Verfügbar (X)</subfield></datafield></record>