
<record><leader>04915nam a2200000uu 4500</leader><controlfield tag="001">01621545</controlfield><controlfield tag="003">DE-Frei129</controlfield><controlfield tag="005">20220811084054.0</controlfield><controlfield tag="007">tu</controlfield><controlfield tag="008">110208s2010    ||||||||||||||||||||ger||</controlfield><datafield tag="015" ind1=" " ind2=" "><subfield code="a">10,A45</subfield></datafield><datafield tag="016" ind1="7" ind2=" "><subfield code="a">1001589734</subfield><subfield code="2">DE-101</subfield></datafield><datafield tag="020" ind1=" " ind2=" "><subfield code="a">9783831017461</subfield><subfield code="9">978-3-8310-1746-1</subfield><subfield code="c">Pp. : EUR 16.95 (DE), EUR 17.50 (AT), sfr 30.90 (freier Pr.)</subfield></datafield><datafield tag="024" ind1="3" ind2=" "><subfield code="a">9783831017461</subfield></datafield><datafield tag="035" ind1=" " ind2=" "><subfield code="a">(DE-576)624465942</subfield></datafield><datafield tag="041" ind1=" " ind2=" "><subfield code="a">ger</subfield><subfield code="h">eng</subfield></datafield><datafield tag="044" ind1=" " ind2=" "><subfield code="c">XA-DE-BY</subfield></datafield><datafield tag="245" ind1="1" ind2="0"><subfield code="a">Knoten</subfield><subfield code="b">Camping, Klettern, Angeln, Segeln, Survival, Hobby; mit Übungsseil Schritt für Schritt jeden Knoten erlernen</subfield><subfield code="c">Neville Olliffe; Madeleine Rowles-Olliffe. [Fotos: Joe Filshie. Übers. für Print Company Manfred Wolf]</subfield></datafield><datafield tag="246" ind1="1" ind2="3"><subfield code="a">Essential knots</subfield></datafield><datafield tag="260" ind1="3" ind2=" "><subfield code="a">München</subfield><subfield code="b">Dorling Kindersley</subfield><subfield code="c">2010 2010</subfield></datafield><datafield tag="300" ind1=" " ind2=" "><subfield code="a">144  Seiten</subfield><subfield code="b">zahlr. Ill.</subfield><subfield code="c">20 cm</subfield><subfield code="e">Übungsseil</subfield></datafield><datafield tag="650" ind1=" " ind2="7"><subfield code="a">Sport</subfield><subfield code="0">(DE-Frei129)00001175</subfield><subfield code="0">(DE-588)4056366-2</subfield><subfield code="2">gnd</subfield></datafield><datafield tag="650" ind1=" " ind2="7"><subfield code="a">Knoten</subfield><subfield code="0">(DE-Frei129)00013599</subfield><subfield code="0">(DE-588)4031363-3</subfield><subfield code="2">gnd</subfield></datafield><datafield tag="650" ind1=" " ind2="7"><subfield code="a">Freiluftsport</subfield><subfield code="0">(DE-Frei129)00058095</subfield><subfield code="0">(DE-588)4442390-1</subfield><subfield code="2">gnd</subfield></datafield><datafield tag="650" ind1=" " ind2="7"><subfield code="a">Knoten</subfield><subfield code="0">(DE-Frei129)00013599</subfield><subfield code="0">(DE-588)4031363-3</subfield><subfield code="2">gnd</subfield></datafield><datafield tag="650" ind1=" " ind2="7"><subfield code="a">Freiluftsport</subfield><subfield code="0">(DE-Frei129)00058095</subfield><subfield code="0">(DE-588)4442390-1</subfield><subfield code="2">gnd</subfield></datafield><datafield tag="655" ind1=" " ind2="7"><subfield code="a">Anleitung</subfield><subfield code="0">(DE-Frei129)00000011</subfield><subfield code="2">local</subfield></datafield><datafield tag="655" ind1=" " ind2="7"><subfield code="a">Anleitung</subfield><subfield code="0">(DE-Frei129)00000011</subfield><subfield code="2">local</subfield></datafield><datafield tag="689" ind1="0" ind2="0"><subfield code="0">(DE-588)4031363-3</subfield><subfield code="D">s</subfield><subfield code="a">Knoten </subfield></datafield><datafield tag="689" ind1="0" ind2="1"><subfield code="0">(DE-588)4442390-1</subfield><subfield code="D">s</subfield><subfield code="a">Freiluftsport </subfield></datafield><datafield tag="689" ind1="0" ind2="2"><subfield code="A">s</subfield><subfield code="a">Anleitung</subfield><subfield code="5">DE-101</subfield></datafield><datafield tag="700" ind1="1" ind2=" "><subfield code="0">(DE-588)142171999</subfield><subfield code="0">(DE-Frei129)00543570</subfield><subfield code="a">Olliffe, Neville</subfield><subfield code="4">oth</subfield></datafield><datafield tag="700" ind1="1" ind2=" "><subfield code="0">(DE-588)142171972</subfield><subfield code="0">(DE-Frei129)00543571</subfield><subfield code="a">Rowles-Olliffe, Madeleine</subfield><subfield code="4">oth</subfield></datafield><datafield tag="852" ind1=" " ind2=" "><subfield code="a">Frei 129</subfield><subfield code="b">PHFR</subfield><subfield code="c">ED 5430 O49</subfield></datafield><datafield tag="980" ind1="0" ind2=" "><subfield code="a">00221532</subfield><subfield code="9">(PHFR)</subfield><subfield code="b">2.OG (35)</subfield><subfield code="c">ED 5430 O49</subfield><subfield code="d">Standardleihe (01)</subfield><subfield code="e">ausgeliehen (A) - Fälligkeitsdatum: 29.08.2022</subfield></datafield></record>