
<record><leader>03998nam a2200000uu 4500</leader><controlfield tag="001">01588466</controlfield><controlfield tag="003">DE-Frei129</controlfield><controlfield tag="005">20220811084054.0</controlfield><controlfield tag="007">tu</controlfield><controlfield tag="008">110914s2010    |||||||||||||||||||||||||</controlfield><datafield tag="020" ind1=" " ind2=" "><subfield code="a">9783950273052</subfield><subfield code="9">9783950273052</subfield></datafield><datafield tag="024" ind1="3" ind2=" "><subfield code="a">9783950273052</subfield></datafield><datafield tag="035" ind1=" " ind2=" "><subfield code="a">(DE-576)1420275925</subfield></datafield><datafield tag="245" ind1="1" ind2="0"><subfield code="a">Didaktik des Sprechens im Pflichtschulbereich</subfield><subfield code="b">Unterrichtskonzepte zur sprachlichen Förderung der Lernenden</subfield><subfield code="c">Horst Fröhler</subfield></datafield><datafield tag="260" ind1="3" ind2=" "><subfield code="a">Wien</subfield><subfield code="b">HF-Verlag</subfield><subfield code="c">2010</subfield></datafield><datafield tag="300" ind1=" " ind2=" "><subfield code="a">247  Seiten</subfield><subfield code="b">graph. Darst.</subfield><subfield code="c">24 cm</subfield></datafield><datafield tag="490" ind1="1" ind2=" "><subfield code="a">Reihe Deutschdidaktik </subfield><subfield code="v">Bd. 4</subfield></datafield><datafield tag="501" ind1=" " ind2=" "><subfield code="a">Literaturverz. S. 242</subfield></datafield><datafield tag="650" ind1=" " ind2="7"><subfield code="a">Kommunikationstraining</subfield><subfield code="0">(DE-Frei129)00029987</subfield><subfield code="0">(DE-588)4073655-6</subfield><subfield code="2">gnd</subfield></datafield><datafield tag="650" ind1=" " ind2="7"><subfield code="a">Spracherziehung</subfield><subfield code="0">(DE-Frei129)00022830</subfield><subfield code="0">(DE-588)4056459-9</subfield><subfield code="2">gnd</subfield></datafield><datafield tag="650" ind1=" " ind2="7"><subfield code="a">Deutschunterricht</subfield><subfield code="0">(DE-Frei129)00005880</subfield><subfield code="0">(DE-588)4011975-0</subfield><subfield code="2">gnd</subfield></datafield><datafield tag="650" ind1=" " ind2="7"><subfield code="a">Grundschule</subfield><subfield code="0">(DE-Frei129)00010240</subfield><subfield code="0">(DE-588)4022349-8</subfield><subfield code="2">gnd</subfield></datafield><datafield tag="689" ind1="0" ind2="0"><subfield code="0">(DE-588)4073655-6</subfield><subfield code="D">s</subfield><subfield code="a">Kommunikationstraining </subfield></datafield><datafield tag="689" ind1="0" ind2="1"><subfield code="0">(DE-588)4056459-9</subfield><subfield code="D">s</subfield><subfield code="a">Spracherziehung </subfield></datafield><datafield tag="689" ind1="0" ind2="2"><subfield code="0">(DE-588)4011975-0</subfield><subfield code="D">s</subfield><subfield code="a">Deutschunterricht </subfield></datafield><datafield tag="689" ind1="0" ind2="3"><subfield code="0">(DE-588)4022349-8</subfield><subfield code="D">s</subfield><subfield code="a">Grundschule</subfield><subfield code="5">DE-101</subfield></datafield><datafield tag="700" ind1="1" ind2=" "><subfield code="0">(DE-Frei129)00115261</subfield><subfield code="a">Fröhler, Horst</subfield><subfield code="4">aut</subfield></datafield><datafield tag="830" ind1=" " ind2="0"><subfield code="a">Reihe Deutschdidaktik</subfield><subfield code="v">Bd. 4</subfield><subfield code="w">(DE-Frei129)00308721</subfield><subfield code="9">14</subfield></datafield><datafield tag="852" ind1=" " ind2=" "><subfield code="a">Frei 129</subfield><subfield code="b">PHFR</subfield><subfield code="c">GB 2952 F925</subfield></datafield><datafield tag="980" ind1="0" ind2=" "><subfield code="a">00226260</subfield><subfield code="9">(PHFR)</subfield><subfield code="b">2.OG (35)</subfield><subfield code="c">GB 2952 F925</subfield><subfield code="d">Standardleihe (01)</subfield><subfield code="e">Verfügbar (X)</subfield></datafield></record>