
<record><leader>04328nam a2200000uu 4500</leader><controlfield tag="001">01588464</controlfield><controlfield tag="003">DE-Frei129</controlfield><controlfield tag="005">20220811084055.0</controlfield><controlfield tag="007">tu</controlfield><controlfield tag="008">140917s2010    ||||||||||||||||||||ger||</controlfield><datafield tag="020" ind1=" " ind2=" "><subfield code="a">9783402047040</subfield><subfield code="9">9783402047040</subfield></datafield><datafield tag="035" ind1=" " ind2=" "><subfield code="a">(DE-576)796873232</subfield></datafield><datafield tag="041" ind1=" " ind2=" "><subfield code="a">ger</subfield></datafield><datafield tag="044" ind1=" " ind2=" "><subfield code="c">XA-DE</subfield></datafield><datafield tag="100" ind1="1" ind2=" "><subfield code="a">Brosat, Hannelore</subfield><subfield code="0">(DE-Frei129)00529081</subfield></datafield><datafield tag="245" ind1="1" ind2="0"><subfield code="a">Der &quot;Mann-Zeichen-Test&quot; in der detailstatistischen Auswertung nach Ziler</subfield><subfield code="c">von Hannelore Brosat und Nadja Tötemeyer</subfield></datafield><datafield tag="246" ind1="1" ind2="0"><subfield code="a">MZT (det)</subfield></datafield><datafield tag="250" ind1=" " ind2=" "><subfield code="a">Neubearb. Aufl., Nachdruck</subfield></datafield><datafield tag="260" ind1="3" ind2=" "><subfield code="a">Münster</subfield><subfield code="b">Aschendorff</subfield><subfield code="c">2010</subfield></datafield><datafield tag="300" ind1=" " ind2=" "><subfield code="a">57 Seiten</subfield><subfield code="b">Ill., graph. Darst</subfield><subfield code="c">23 cm</subfield></datafield><datafield tag="500" ind1=" " ind2=" "><subfield code="a">Literaturverz. S. 32</subfield></datafield><datafield tag="500" ind1=" " ind2=" "><subfield code="a">In der Vorlage auch als 11. Aufl. bezeichnet</subfield></datafield><datafield tag="500" ind1=" " ind2=" "><subfield code="a">IMD-Felder maschinell generiert (GBV)</subfield></datafield><datafield tag="500" ind1=" " ind2=" "><subfield code="a">Archivierung prüfen</subfield></datafield><datafield tag="630" ind1="0" ind2="7"><subfield code="a">Mann-Zeichentest</subfield><subfield code="0">(DE-Frei129)02361506</subfield><subfield code="0">(DE-588)106108921</subfield><subfield code="2">gnd</subfield></datafield><datafield tag="650" ind1=" " ind2="7"><subfield code="a">Sonderpädagogische Diagnostik</subfield><subfield code="0">(DE-Frei129)00041015</subfield><subfield code="0">(DE-588)4124210-5</subfield><subfield code="2">gnd</subfield></datafield><datafield tag="689" ind1="0" ind2="0"><subfield code="0">(DE-588)106108921</subfield><subfield code="D">u</subfield><subfield code="a">Mann-Zeichentest</subfield><subfield code="5">DE-101</subfield></datafield><datafield tag="689" ind1="1" ind2="0"><subfield code="0">(DE-588)106108921</subfield><subfield code="D">u</subfield><subfield code="a">Mann-Zeichentest </subfield></datafield><datafield tag="689" ind1="1" ind2="1"><subfield code="0">(DE-588)4124210-5</subfield><subfield code="D">s</subfield><subfield code="a">Sonderpädagogische Diagnostik</subfield><subfield code="5">DE-101</subfield></datafield><datafield tag="700" ind1="1" ind2=" "><subfield code="0">(DE-Frei129)00529110</subfield><subfield code="a">Tötemeyer, Nadja</subfield><subfield code="4">aut</subfield></datafield><datafield tag="700" ind1="1" ind2=" "><subfield code="0">(DE-Frei129)00061630</subfield><subfield code="a">Ziler, Hermann</subfield><subfield code="4">oth</subfield></datafield><datafield tag="852" ind1=" " ind2=" "><subfield code="a">Frei 129</subfield><subfield code="b">PHFR</subfield><subfield code="c">CT 6300 B874</subfield></datafield><datafield tag="980" ind1="0" ind2=" "><subfield code="a">00237076</subfield><subfield code="9">(PHFR)</subfield><subfield code="b">EG-Anbau (32)</subfield><subfield code="c">CT 6300 B874</subfield><subfield code="d">Standardleihe (01)</subfield><subfield code="e">Verfügbar (X)</subfield></datafield><datafield tag="980" ind1="0" ind2=" "><subfield code="a">00374603</subfield><subfield code="9">(PHFR)</subfield><subfield code="b">Handbibliothek (50)</subfield><subfield code="c">Deu N 240: 43</subfield><subfield code="d">Handbibliothek - nie verleihbar (54)</subfield><subfield code="e">Verfügbar (X)</subfield></datafield></record>