
<record><leader>04472nam a2200000uu 4500</leader><controlfield tag="001">01588296</controlfield><controlfield tag="003">DE-Frei129</controlfield><controlfield tag="005">20220811084055.0</controlfield><controlfield tag="007">tu</controlfield><controlfield tag="008">100712s2010    ||||||||||||||||||||ger||</controlfield><datafield tag="015" ind1=" " ind2=" "><subfield code="a">11,A26</subfield></datafield><datafield tag="016" ind1="7" ind2=" "><subfield code="a">1010877909</subfield><subfield code="2">DE-101</subfield></datafield><datafield tag="020" ind1=" " ind2=" "><subfield code="a">9783705514072</subfield><subfield code="9">9783705514072</subfield><subfield code="c">kart. : EUR 14.00 (AT)</subfield></datafield><datafield tag="024" ind1="3" ind2=" "><subfield code="a">9783705514072</subfield></datafield><datafield tag="035" ind1=" " ind2=" "><subfield code="a">(DE-576)630981825</subfield></datafield><datafield tag="041" ind1=" " ind2=" "><subfield code="a">ger</subfield></datafield><datafield tag="044" ind1=" " ind2=" "><subfield code="c">XA-AT</subfield></datafield><datafield tag="100" ind1="1" ind2=" "><subfield code="a">Hofer, Hans</subfield><subfield code="0">(DE-Frei129)00343456</subfield></datafield><datafield tag="245" ind1="1" ind2="0"><subfield code="a">Forschender und kompetenzorientierter Unterricht in den naturwissenschaftlichen Fächern</subfield><subfield code="c">Hans Hofer</subfield></datafield><datafield tag="250" ind1=" " ind2=" "><subfield code="a">1. Aufl.</subfield></datafield><datafield tag="260" ind1="3" ind2=" "><subfield code="a">Wien</subfield><subfield code="b">Dorner</subfield><subfield code="c">2010</subfield></datafield><datafield tag="300" ind1=" " ind2=" "><subfield code="a">112 Seiten</subfield><subfield code="b">Ill., graph. Darst.</subfield><subfield code="c">24 cm</subfield></datafield><datafield tag="500" ind1=" " ind2=" "><subfield code="a">Literaturverz. S. 108 - 112</subfield></datafield><datafield tag="500" ind1=" " ind2=" "><subfield code="a">IMD-Felder maschinell generiert (GBV)</subfield></datafield><datafield tag="650" ind1=" " ind2="7"><subfield code="a">Naturwissenschaftlicher Unterricht</subfield><subfield code="0">(DE-Frei129)00017427</subfield><subfield code="0">(DE-588)4041425-5</subfield><subfield code="2">gnd</subfield></datafield><datafield tag="650" ind1=" " ind2="7"><subfield code="a">Entdeckendes Lernen</subfield><subfield code="0">(DE-Frei129)00040237</subfield><subfield code="0">(DE-588)4123141-7</subfield><subfield code="2">gnd</subfield></datafield><datafield tag="650" ind1=" " ind2="7"><subfield code="a">Sachunterricht</subfield><subfield code="0">(DE-Frei129)00010867</subfield><subfield code="0">(DE-588)4051158-3</subfield><subfield code="2">gnd</subfield></datafield><datafield tag="650" ind1=" " ind2="7"><subfield code="a">Unterrichtsform</subfield><subfield code="0">(DE-Frei129)00010303</subfield><subfield code="0">(DE-588)4124362-6</subfield><subfield code="2">gnd</subfield></datafield><datafield tag="689" ind1="0" ind2="0"><subfield code="0">(DE-588)4041425-5</subfield><subfield code="D">s</subfield><subfield code="a">Naturwissenschaftlicher Unterricht </subfield></datafield><datafield tag="689" ind1="0" ind2="1"><subfield code="0">(DE-588)4123141-7</subfield><subfield code="D">s</subfield><subfield code="a">Entdeckendes Lernen</subfield><subfield code="5">DE-101</subfield></datafield><datafield tag="689" ind1="1" ind2="0"><subfield code="0">(DE-588)4051158-3</subfield><subfield code="D">s</subfield><subfield code="a">Sachunterricht </subfield></datafield><datafield tag="689" ind1="1" ind2="1"><subfield code="0">(DE-588)4124362-6</subfield><subfield code="D">s</subfield><subfield code="a">Unterrichtsform</subfield><subfield code="5">DE-101</subfield></datafield><datafield tag="852" ind1=" " ind2=" "><subfield code="a">Frei129</subfield><subfield code="c">Nat B 300: 21</subfield></datafield><datafield tag="856" ind1="4" ind2=" "><subfield code="8">00</subfield><subfield code="u">http://www.gbv.de/dms/bs/toc/630981825.pdf</subfield><subfield code="y">Inhaltsverzeichnis</subfield></datafield><datafield tag="980" ind1="0" ind2=" "><subfield code="a">00220629</subfield><subfield code="9">(PHFR)</subfield><subfield code="b">UG (33)</subfield><subfield code="c">Nat B 300: 21</subfield><subfield code="d">Standardleihe (01)</subfield><subfield code="e">ausgeliehen (A) - Fälligkeitsdatum: 31.08.2022</subfield></datafield></record>