
<record><leader>05806nam a2200000uu 4500</leader><controlfield tag="001">01588034</controlfield><controlfield tag="003">DE-Frei129</controlfield><controlfield tag="005">20220811084055.0</controlfield><controlfield tag="007">tu</controlfield><controlfield tag="008">110708s2010    ||||||||||||||||||||ger||</controlfield><datafield tag="035" ind1=" " ind2=" "><subfield code="a">(DE-576)1417031530</subfield></datafield><datafield tag="041" ind1=" " ind2=" "><subfield code="a">ger</subfield></datafield><datafield tag="044" ind1=" " ind2=" "><subfield code="c">XA-DE-NI</subfield></datafield><datafield tag="100" ind1="1" ind2=" "><subfield code="a">Kargl, Reinhard</subfield><subfield code="0">(DE-Frei129)00153984</subfield><subfield code="0">(DE-588)131545523</subfield><subfield code="4">aut</subfield></datafield><datafield tag="245" ind1="1" ind2="0"><subfield code="a">Morphemunterstütztes Grundwortschatz-Segmentierungstraining</subfield><subfield code="b">MORPHEUS</subfield><subfield code="c">von Reinhard Kargl und Christian Purgstaller</subfield></datafield><datafield tag="246" ind1="1" ind2="0"><subfield code="a">MORPHEUS</subfield></datafield><datafield tag="260" ind1="3" ind2=" "><subfield code="a">Göttingen [u.a.]</subfield><subfield code="b">Huber, Hans</subfield><subfield code="c">2010</subfield></datafield><datafield tag="300" ind1=" " ind2=" "><subfield code="a">1 Test</subfield></datafield><datafield tag="500" ind1=" " ind2=" "><subfield code="a">Archivierung prüfen</subfield></datafield><datafield tag="650" ind1=" " ind2="7"><subfield code="a">Rechtschreibschwäche</subfield><subfield code="0">(DE-Frei129)00020235</subfield><subfield code="0">(DE-588)4048778-7</subfield><subfield code="2">gnd</subfield></datafield><datafield tag="650" ind1=" " ind2="7"><subfield code="a">Rechtschreibunterricht</subfield><subfield code="0">(DE-Frei129)00031761</subfield><subfield code="0">(DE-588)4076558-1</subfield><subfield code="2">gnd</subfield></datafield><datafield tag="650" ind1=" " ind2="7"><subfield code="a">Förderunterricht</subfield><subfield code="0">(DE-Frei129)00008384</subfield><subfield code="0">(DE-588)4017776-2</subfield><subfield code="2">gnd</subfield></datafield><datafield tag="650" ind1=" " ind2="7"><subfield code="a">Schuljahr 4-8</subfield><subfield code="0">(DE-Frei129)00093870</subfield><subfield code="0">(DE-588)4348495-5</subfield><subfield code="2">gnd</subfield></datafield><datafield tag="650" ind1=" " ind2="7"><subfield code="a">Vocabulary tests</subfield><subfield code="0">(DE-Frei129)00433922</subfield><subfield code="2">local</subfield></datafield><datafield tag="650" ind1=" " ind2="7"><subfield code="a">Language tests</subfield><subfield code="0">(DE-Frei129)00415485</subfield><subfield code="2">local</subfield></datafield><datafield tag="650" ind1=" " ind2="7"><subfield code="a">Vocabulary</subfield><subfield code="0">(DE-Frei129)00237349</subfield><subfield code="2">local</subfield></datafield><datafield tag="650" ind1=" " ind2="7"><subfield code="a">Testing</subfield><subfield code="0">(DE-Frei129)00235132</subfield><subfield code="2">local</subfield></datafield><datafield tag="650" ind1=" " ind2="7"><subfield code="a">Psychological tests</subfield><subfield code="0">(DE-Frei129)00237571</subfield><subfield code="2">local</subfield></datafield><datafield tag="689" ind1="0" ind2="0"><subfield code="0">(DE-588)4048778-7</subfield><subfield code="D">s</subfield><subfield code="a">Rechtschreibschwäche </subfield></datafield><datafield tag="689" ind1="0" ind2="1"><subfield code="0">(DE-588)4076558-1</subfield><subfield code="D">s</subfield><subfield code="a">Rechtschreibunterricht </subfield></datafield><datafield tag="689" ind1="0" ind2="2"><subfield code="0">(DE-588)4017776-2</subfield><subfield code="D">s</subfield><subfield code="a">Förderunterricht </subfield></datafield><datafield tag="689" ind1="0" ind2="3"><subfield code="0">(DE-588)4348495-5</subfield><subfield code="D">s</subfield><subfield code="a">Schuljahr 4-8</subfield><subfield code="5">DE-101</subfield></datafield><datafield tag="689" ind1="1" ind2="0"><subfield code="A">s</subfield><subfield code="a">Vocabulary tests</subfield><subfield code="5">DE-101</subfield></datafield><datafield tag="689" ind1="2" ind2="0"><subfield code="A">s</subfield><subfield code="a">Language tests</subfield><subfield code="5">DE-101</subfield></datafield><datafield tag="689" ind1="3" ind2="0"><subfield code="A">s</subfield><subfield code="a">Vocabulary </subfield></datafield><datafield tag="689" ind1="3" ind2="1"><subfield code="A">s</subfield><subfield code="a">Testing</subfield><subfield code="5">DE-101</subfield></datafield><datafield tag="689" ind1="4" ind2="0"><subfield code="A">s</subfield><subfield code="a">Psychological tests</subfield><subfield code="5">DE-101</subfield></datafield><datafield tag="700" ind1="1" ind2=" "><subfield code="0">(DE-588)141749482</subfield><subfield code="0">(DE-Frei129)00530583</subfield><subfield code="a">Purgstaller, Christian</subfield><subfield code="4">aut</subfield></datafield><datafield tag="852" ind1=" " ind2=" "><subfield code="a">Frei129</subfield><subfield code="c">Psy T 340: 22</subfield></datafield><datafield tag="856" ind1="4" ind2=" "><subfield code="8">00</subfield><subfield code="u">http://www.testzentrale.de</subfield><subfield code="y">Verlagsinformation</subfield></datafield><datafield tag="980" ind1="0" ind2=" "><subfield code="a">00322512</subfield><subfield code="9">(PHFR)</subfield><subfield code="b">Handbibliothek (50)</subfield><subfield code="c">Psy T 340: 22</subfield><subfield code="d">Handbibliothek - nie verleihbar (54)</subfield><subfield code="e">Verfügbar (X)</subfield><subfield code="x">nur für berechtigten Benutzerkreis</subfield></datafield></record>