
<record><leader>06791nam a2200000uu 4500</leader><controlfield tag="001">01587819</controlfield><controlfield tag="003">DE-Frei129</controlfield><controlfield tag="005">20220811084055.0</controlfield><controlfield tag="007">tu</controlfield><controlfield tag="008">100602s2010    ||||||||||||||||||||ger||</controlfield><datafield tag="015" ind1=" " ind2=" "><subfield code="a">10,A42</subfield></datafield><datafield tag="016" ind1="7" ind2=" "><subfield code="a">1002863368</subfield><subfield code="2">DE-101</subfield></datafield><datafield tag="020" ind1=" " ind2=" "><subfield code="a">9783884729984</subfield><subfield code="9">9783884729984</subfield><subfield code="c">kart. : EUR 17.95 (DE), EUR 18.50 (AT), sfr 30.50 (freier Pr.)</subfield></datafield><datafield tag="024" ind1="3" ind2=" "><subfield code="a">9783884729984</subfield></datafield><datafield tag="035" ind1=" " ind2=" "><subfield code="a">(DE-576)627259626</subfield></datafield><datafield tag="041" ind1=" " ind2=" "><subfield code="a">ger</subfield><subfield code="h">eng</subfield></datafield><datafield tag="044" ind1=" " ind2=" "><subfield code="c">XA-DE-BY</subfield></datafield><datafield tag="100" ind1="1" ind2=" "><subfield code="a">Iwakiri, Emi</subfield><subfield code="0">(DE-Frei129)00531642</subfield></datafield><datafield tag="245" ind1="1" ind2="0"><subfield code="a">Textiler Schmuck selbst gemacht</subfield><subfield code="b">gehäkelt, gestickt und aufgefädelt</subfield><subfield code="c">Emi Iwakiri. [Übers. aus dem Engl.: Lina Feske]</subfield></datafield><datafield tag="246" ind1="1" ind2="3"><subfield code="a">Beautiful hand-stitched jewellery</subfield></datafield><datafield tag="260" ind1="3" ind2=" "><subfield code="a">München</subfield><subfield code="b">Gault&amp;Millau</subfield><subfield code="c">2010</subfield></datafield><datafield tag="300" ind1=" " ind2=" "><subfield code="a">128 Seiten</subfield><subfield code="b">zahlr. Ill., graph. Darst.</subfield><subfield code="c">24 cm</subfield></datafield><datafield tag="500" ind1=" " ind2=" "><subfield code="a">IMD-Felder maschinell generiert (GBV)</subfield></datafield><datafield tag="520" ind1=" " ind2=" "><subfield code="a">Die ehemalige japanische Modedesignerin und Stylisten Emi Iwakiri widmet sich nun dem Kunsthandwerk und Design. Unter ihrem eigenen Label vertreibt sie von der Natur inspirierten Schmuck in Japans führenden Kaufhausketten. Dieser eignet sich gehäkelt, gestrickt oder allgemein textil als schlichter, aber ausgefallener Alltagsbegleiter, modischer Hingucker oder sogar als Abend- oder Brautschmuck. Ketten, Armbänder, Ringe, Ansteckblumen und Halsbänder in Blüten-, Obst- oder Kreuzform entstehen dabei aus leicht erhältlichen oder recycelten Materialien wie Stoff, Wolle, Perlen, Bastgarn oder zerschlissenen Wollpullovern. Genaue Materialangaben ergänzen neben Zeichnungen und Schablonen Schritt-für-Schritt-Anleitungen mit detaillierten Strick- oder Häkelschriften. Anfänger werden in die Grundtechniken des Häkelns, der Pompon- und Quastenherstellung eingeführt. Insgesamt ein attraktiver Band für künstlerisch interessierte Anfänger und Fortgeschrittene, der Titel wie &quot;Edler Schmuck selbst gestrickt&quot; (vgl. BA 10/07) und &quot;Grundkurs Häkelketten&quot; (vgl. BA 3/10) ergänzt. (2)</subfield></datafield><datafield tag="650" ind1=" " ind2="7"><subfield code="a">Nähen</subfield><subfield code="0">(DE-Frei129)00021484</subfield><subfield code="0">(DE-588)4171095-2</subfield><subfield code="2">gnd</subfield></datafield><datafield tag="650" ind1=" " ind2="7"><subfield code="a">Perlenarbeit</subfield><subfield code="0">(DE-Frei129)00064580</subfield><subfield code="0">(DE-588)4173808-1</subfield><subfield code="2">gnd</subfield></datafield><datafield tag="650" ind1=" " ind2="7"><subfield code="a">Modeschmuck</subfield><subfield code="0">(DE-Frei129)00036830</subfield><subfield code="0">(DE-588)4114618-9</subfield><subfield code="2">gnd</subfield></datafield><datafield tag="650" ind1=" " ind2="7"><subfield code="a">Sticken</subfield><subfield code="0">(DE-Frei129)00014318</subfield><subfield code="0">(DE-588)4057504-4</subfield><subfield code="2">gnd</subfield></datafield><datafield tag="650" ind1=" " ind2="7"><subfield code="a">Nähen</subfield><subfield code="0">(DE-Frei129)00021484</subfield><subfield code="0">(DE-588)4171095-2</subfield><subfield code="2">gnd</subfield></datafield><datafield tag="650" ind1=" " ind2="7"><subfield code="a">Häkeln</subfield><subfield code="0">(DE-Frei129)00010387</subfield><subfield code="0">(DE-588)4022786-8</subfield><subfield code="2">gnd</subfield></datafield><datafield tag="650" ind1=" " ind2="7"><subfield code="a">Perlenarbeit</subfield><subfield code="0">(DE-Frei129)00064580</subfield><subfield code="0">(DE-588)4173808-1</subfield><subfield code="2">gnd</subfield></datafield><datafield tag="689" ind1="0" ind2="0"><subfield code="0">(DE-588)4114618-9</subfield><subfield code="D">s</subfield><subfield code="a">Modeschmuck </subfield></datafield><datafield tag="689" ind1="0" ind2="1"><subfield code="0">(DE-588)4057504-4</subfield><subfield code="D">s</subfield><subfield code="a">Sticken </subfield></datafield><datafield tag="689" ind1="0" ind2="2"><subfield code="0">(DE-588)4171095-2</subfield><subfield code="D">s</subfield><subfield code="a">Nähen </subfield></datafield><datafield tag="689" ind1="0" ind2="3"><subfield code="0">(DE-588)4022786-8</subfield><subfield code="D">s</subfield><subfield code="a">Häkeln </subfield></datafield><datafield tag="689" ind1="0" ind2="4"><subfield code="0">(DE-588)4173808-1</subfield><subfield code="D">s</subfield><subfield code="a">Perlenarbeit</subfield><subfield code="5">DE-101</subfield></datafield><datafield tag="700" ind1="1" ind2=" "><subfield code="0">(DE-Frei129)58030114</subfield><subfield code="a">Feske, Lina</subfield><subfield code="4">oth</subfield></datafield><datafield tag="852" ind1=" " ind2=" "><subfield code="a">Frei 129</subfield><subfield code="b">PHFR</subfield><subfield code="c">ZS 6400 I96</subfield></datafield><datafield tag="856" ind1="4" ind2=" "><subfield code="8">00</subfield><subfield code="u">http://d-nb.info/1002863368/04</subfield><subfield code="y">Kurzbeschreibung des Verlags</subfield></datafield><datafield tag="856" ind1="4" ind2=" "><subfield code="8">01</subfield><subfield code="u">http://d-nb.info/1002863368/04</subfield><subfield code="y">Verlagsinformation</subfield></datafield><datafield tag="980" ind1="0" ind2=" "><subfield code="a">00233555</subfield><subfield code="9">(PHFR)</subfield><subfield code="b">3.OG (37)</subfield><subfield code="c">ZS 6400 I96</subfield><subfield code="d">Standardleihe (01)</subfield><subfield code="e">Verfügbar (X)</subfield></datafield></record>