
<record><leader>03673nam a2200000uu 4500</leader><controlfield tag="001">01587348</controlfield><controlfield tag="003">DE-Frei129</controlfield><controlfield tag="005">20220811084055.0</controlfield><controlfield tag="007">tu</controlfield><controlfield tag="008">110209s2010    ||||||||||||||||||||ger||</controlfield><datafield tag="015" ind1=" " ind2=" "><subfield code="a">11,A10</subfield></datafield><datafield tag="016" ind1="7" ind2=" "><subfield code="a">1009852973</subfield><subfield code="2">DE-101</subfield></datafield><datafield tag="020" ind1=" " ind2=" "><subfield code="a">9783832296650</subfield><subfield code="9">9783832296650</subfield><subfield code="c">kart. : EUR 35.80 (DE), EUR 35.80 (AT), sfr 71.60 (freier Pr.)</subfield></datafield><datafield tag="024" ind1="3" ind2=" "><subfield code="a">9783832296650</subfield></datafield><datafield tag="035" ind1=" " ind2=" "><subfield code="a">(DE-576)646065750</subfield></datafield><datafield tag="041" ind1=" " ind2=" "><subfield code="a">ger</subfield></datafield><datafield tag="044" ind1=" " ind2=" "><subfield code="c">XA-DE-NW</subfield></datafield><datafield tag="100" ind1="1" ind2=" "><subfield code="a">Kölle, Ulrich</subfield><subfield code="0">(DE-Frei129)00518426</subfield></datafield><datafield tag="245" ind1="1" ind2="0"><subfield code="a">Chemie - erfahren, verstehen, lehren</subfield><subfield code="b">Grundkonzepte der Chemie auf experimenteller Grundlage</subfield><subfield code="c">Ulrich Kölle. Mit Zeichn. von Anna Kölle</subfield></datafield><datafield tag="260" ind1="3" ind2=" "><subfield code="a">Aachen</subfield><subfield code="b">Shaker-Verl</subfield><subfield code="c">2010</subfield></datafield><datafield tag="300" ind1=" " ind2=" "><subfield code="a">196 Seiten</subfield><subfield code="b">Ill., graph. Darst.</subfield><subfield code="c">24 cm, 294 g</subfield></datafield><datafield tag="490" ind1="0" ind2=" "><subfield code="a">Beiträge zur Didaktik</subfield></datafield><datafield tag="490" ind1="0" ind2=" "><subfield code="a">Chemie</subfield></datafield><datafield tag="500" ind1=" " ind2=" "><subfield code="a">IMD-Felder maschinell generiert (GBV)</subfield></datafield><datafield tag="650" ind1=" " ind2="7"><subfield code="a">Chemieunterricht</subfield><subfield code="0">(DE-Frei129)00004923</subfield><subfield code="0">(DE-588)4009832-1</subfield><subfield code="2">gnd</subfield></datafield><datafield tag="650" ind1=" " ind2="7"><subfield code="a">Chemieunterricht</subfield><subfield code="0">(DE-Frei129)00004923</subfield><subfield code="0">(DE-588)4009832-1</subfield><subfield code="2">gnd</subfield></datafield><datafield tag="689" ind1="0" ind2="0"><subfield code="0">(DE-588)4009832-1</subfield><subfield code="D">s</subfield><subfield code="a">Chemieunterricht</subfield><subfield code="5">DE-101</subfield></datafield><datafield tag="700" ind1="1" ind2=" "><subfield code="0">(DE-Frei129)58605614</subfield><subfield code="a">Kölle, Anna</subfield><subfield code="4">oth</subfield></datafield><datafield tag="852" ind1=" " ind2=" "><subfield code="a">Frei129</subfield><subfield code="c">Che G 80: 7</subfield></datafield><datafield tag="856" ind1="4" ind2=" "><subfield code="8">00</subfield><subfield code="u">http://d-nb.info/1009852973/04</subfield><subfield code="y">Kurzbeschreibung des Verlags</subfield></datafield><datafield tag="980" ind1="0" ind2=" "><subfield code="a">00219908</subfield><subfield code="9">(PHFR)</subfield><subfield code="b">UG (33)</subfield><subfield code="c">Che G 80: 7</subfield><subfield code="d">Standardleihe (01)</subfield><subfield code="e">Verfügbar (X)</subfield></datafield></record>