
<record><leader>05010nam a2200000uuc4500</leader><controlfield tag="001">01587226</controlfield><controlfield tag="003">DE-Frei129</controlfield><controlfield tag="005">20220811084055.0</controlfield><controlfield tag="007">tu</controlfield><controlfield tag="008">110516s2010    ||||||||||||||||||||ger||</controlfield><datafield tag="015" ind1=" " ind2=" "><subfield code="a">10,A51</subfield></datafield><datafield tag="016" ind1="7" ind2=" "><subfield code="a">1001033310</subfield><subfield code="2">DE-101</subfield></datafield><datafield tag="035" ind1=" " ind2=" "><subfield code="a">(DE-576)1414512740</subfield></datafield><datafield tag="041" ind1=" " ind2=" "><subfield code="a">ger</subfield></datafield><datafield tag="044" ind1=" " ind2=" "><subfield code="c">XA-DE</subfield></datafield><datafield tag="245" ind1="1" ind2="0"><subfield code="a">Hören ohne Grenzen</subfield><subfield code="b">Sprache entdecken, interkulturelles Lernen, Deutsch als Zweitsprache</subfield><subfield code="n">Buch</subfield><subfield code="c">Judith Schönicke; Angelika Speck-Hamdan</subfield></datafield><datafield tag="250" ind1=" " ind2=" "><subfield code="a">Dr. A,1</subfield></datafield><datafield tag="260" ind1="3" ind2=" "><subfield code="a">Braunschweig</subfield><subfield code="b">Westermann</subfield><subfield code="c">2010</subfield></datafield><datafield tag="300" ind1=" " ind2=" "><subfield code="a">211  Seiten</subfield><subfield code="b">Ill.</subfield><subfield code="c">24 cm</subfield><subfield code="e">1 Bilder-CD</subfield></datafield><datafield tag="490" ind1="0" ind2=" "><subfield code="a">Praxis Pädagogik</subfield></datafield><datafield tag="500" ind1=" " ind2=" "><subfield code="a">5090: ddsu/sred</subfield></datafield><datafield tag="650" ind1=" " ind2="7"><subfield code="a">Sprachkompetenz</subfield><subfield code="0">(DE-Frei129)00013791</subfield><subfield code="0">(DE-588)4077722-4</subfield><subfield code="2">gnd</subfield></datafield><datafield tag="650" ind1=" " ind2="7"><subfield code="a">Deutsch</subfield><subfield code="0">(DE-Frei129)00001208</subfield><subfield code="0">(DE-588)4113292-0</subfield><subfield code="2">gnd</subfield></datafield><datafield tag="650" ind1=" " ind2="7"><subfield code="a">Fremdsprache</subfield><subfield code="0">(DE-Frei129)00008716</subfield><subfield code="0">(DE-588)4018424-9</subfield><subfield code="2">gnd</subfield></datafield><datafield tag="650" ind1=" " ind2="7"><subfield code="a">Hörspiel</subfield><subfield code="0">(DE-Frei129)00011277</subfield><subfield code="0">(DE-588)4025435-5</subfield><subfield code="2">gnd</subfield></datafield><datafield tag="650" ind1=" " ind2="7"><subfield code="a">Sprachkompetenz</subfield><subfield code="0">(DE-Frei129)00013791</subfield><subfield code="0">(DE-588)4077722-4</subfield><subfield code="2">gnd</subfield></datafield><datafield tag="650" ind1=" " ind2="7"><subfield code="a">Spracherziehung</subfield><subfield code="0">(DE-Frei129)00022830</subfield><subfield code="0">(DE-588)4056459-9</subfield><subfield code="2">gnd</subfield></datafield><datafield tag="689" ind1="0" ind2="0"><subfield code="0">(DE-588)4113292-0</subfield><subfield code="D">s</subfield><subfield code="a">Deutsch </subfield></datafield><datafield tag="689" ind1="0" ind2="1"><subfield code="0">(DE-588)4018424-9</subfield><subfield code="D">s</subfield><subfield code="a">Fremdsprache </subfield></datafield><datafield tag="689" ind1="0" ind2="2"><subfield code="0">(DE-588)4025435-5</subfield><subfield code="D">s</subfield><subfield code="a">Hörspiel </subfield></datafield><datafield tag="689" ind1="0" ind2="3"><subfield code="0">(DE-588)4077722-4</subfield><subfield code="D">s</subfield><subfield code="a">Sprachkompetenz </subfield></datafield><datafield tag="689" ind1="0" ind2="4"><subfield code="0">(DE-588)4056459-9</subfield><subfield code="D">s</subfield><subfield code="a">Spracherziehung</subfield><subfield code="5">DE-101</subfield></datafield><datafield tag="700" ind1="1" ind2=" "><subfield code="0">(DE-588)137381425</subfield><subfield code="0">(DE-Frei129)00530619</subfield><subfield code="a">Schönicke, Judith</subfield><subfield code="4">aut</subfield></datafield><datafield tag="700" ind1="1" ind2=" "><subfield code="0">(DE-Frei129)00052820</subfield><subfield code="a">Speck-Hamdan, Angelika</subfield><subfield code="4">aut</subfield></datafield><datafield tag="773" ind1="0" ind2="8"><subfield code="w">(DE-Frei129)01519059</subfield><subfield code="q">Buch</subfield></datafield><datafield tag="852" ind1=" " ind2=" "><subfield code="a">Frei 129</subfield><subfield code="b">PHFR</subfield><subfield code="c">GB 3044 S365</subfield></datafield><datafield tag="980" ind1="0" ind2=" "><subfield code="a">00015112</subfield><subfield code="9">(PHFR)</subfield><subfield code="b">2.OG (35)</subfield><subfield code="c">GB 3044 S365</subfield><subfield code="d">Standardleihe (01)</subfield><subfield code="e">Verfügbar (X)</subfield></datafield></record>