
<record><leader>05457nam a2200000uu 4500</leader><controlfield tag="001">01587030</controlfield><controlfield tag="003">DE-Frei129</controlfield><controlfield tag="005">20220811084055.0</controlfield><controlfield tag="007">tu</controlfield><controlfield tag="008">100505s2010    ||||||||||||||||||||ger||</controlfield><datafield tag="016" ind1="7" ind2=" "><subfield code="a">1001975928</subfield><subfield code="2">DE-101</subfield></datafield><datafield tag="020" ind1=" " ind2=" "><subfield code="a">9783940793195</subfield><subfield code="9">9783940793195</subfield><subfield code="c">PB. : EUR 9.00</subfield></datafield><datafield tag="035" ind1=" " ind2=" "><subfield code="a">(DE-576)625376617</subfield></datafield><datafield tag="041" ind1=" " ind2=" "><subfield code="a">ger</subfield></datafield><datafield tag="044" ind1=" " ind2=" "><subfield code="c">XA-DE-BB</subfield></datafield><datafield tag="245" ind1="1" ind2="0"><subfield code="a">Umweltbildung und Schulgarten</subfield><subfield code="b">eine Handreichung zur praktischen Umweltbildung unter besonderer Berücksichtigung des Schulgartens</subfield><subfield code="c">Hartmut Giest (Hrsg.)</subfield></datafield><datafield tag="250" ind1=" " ind2=" "><subfield code="a">2., unveränderte Aufl.</subfield></datafield><datafield tag="260" ind1="3" ind2=" "><subfield code="a">Potsdam</subfield><subfield code="b">Universitätsverlag Potsdam</subfield><subfield code="c">2010</subfield></datafield><datafield tag="300" ind1=" " ind2=" "><subfield code="a">140 Seiten</subfield><subfield code="b">Ill., graph. Darst.</subfield><subfield code="c">210 mm x 147 mm</subfield></datafield><datafield tag="500" ind1=" " ind2=" "><subfield code="a">Literaturangaben</subfield></datafield><datafield tag="500" ind1=" " ind2=" "><subfield code="a">IMD-Felder maschinell generiert (GBV)</subfield></datafield><datafield tag="500" ind1=" " ind2=" "><subfield code="a">Archivierung prüfen</subfield></datafield><datafield tag="520" ind1=" " ind2=" "><subfield code="a">In der Handreichung geben Experten (Wissenschaftler und Praktiker) theoretische Orientierungen und praktische Anregungen und Hinweise zur Umwelterziehung und Erziehung zur Naturverbundenheit innerhalb und außerhalb von Schule. Einen Schwerpunkt bilden hierbei der Schulgarten und Schulgartenunterricht. Weitere Themen sind Lernen mit allen Sinnen, Erfahrungen im Grünen Klassenzimmer, praktische Umweltprojekte und Naturerziehung konkret, Nutzung moderner Medien in der Umweltbildung u.a. Adressaten der Handreichung sind Förderer, Träger, Betreiber und Nutzer schulischer und außerschulischer Umweltbildungseinrichtungen und des Schulgartens sowie auf dem Gebiet arbeitende und forschende Wissenschaftler. Insbesondere richtet sich die Handreichung an im Schulgarten tätige Lehrerinnen und Lehrer, denen Möglichkeiten aufgezeigt werden sollen, wie die nicht explizit in der Stundentafel der Schule verankerte Arbeit im Schulgarten zu einem festen Bestandteil pädagogischer Bemühungen um die Umwelterziehung (auch über Schulgrenzen hinaus) gemacht und der Schulgartenbewegung neue Impulse verliehen werden kann.</subfield></datafield><datafield tag="650" ind1=" " ind2="7"><subfield code="a">Schulgarten</subfield><subfield code="0">(DE-Frei129)00021613</subfield><subfield code="0">(DE-588)4053488-1</subfield><subfield code="2">gnd</subfield></datafield><datafield tag="650" ind1=" " ind2="7"><subfield code="a">Umwelterziehung</subfield><subfield code="0">(DE-Frei129)00024663</subfield><subfield code="0">(DE-588)4061627-7</subfield><subfield code="2">gnd</subfield></datafield><datafield tag="689" ind1="0" ind2="0"><subfield code="0">(DE-588)4053488-1</subfield><subfield code="D">s</subfield><subfield code="a">Schulgarten </subfield></datafield><datafield tag="689" ind1="0" ind2="1"><subfield code="0">(DE-588)4061627-7</subfield><subfield code="D">s</subfield><subfield code="a">Umwelterziehung</subfield><subfield code="5">DE-101</subfield></datafield><datafield tag="700" ind1="1" ind2=" "><subfield code="0">(DE-588)111061520</subfield><subfield code="0">(DE-Frei129)00100204</subfield><subfield code="a">Giest, Hartmut</subfield><subfield code="4">Hrsg.</subfield></datafield><datafield tag="776" ind1="0" ind2="8"><subfield code="a">Hrsg. Hartmut Giest</subfield><subfield code="i">Erscheint auch als Online-Ausgabe</subfield><subfield code="t">Umweltbildung und Schulgarten</subfield><subfield code="w">(DE-Frei129)01587029</subfield><subfield code="w">(DE-576)625795016</subfield></datafield><datafield tag="852" ind1=" " ind2=" "><subfield code="a">Frei 129</subfield><subfield code="b">PHFR</subfield><subfield code="c">Bio F 700: 33</subfield></datafield><datafield tag="856" ind1="4" ind2=" "><subfield code="8">00</subfield><subfield code="u">http://deposit.d-nb.de/cgi-bin/dokserv?id=3463498&amp;prov=M&amp;dok_var=1&amp;dok_ext=htm</subfield><subfield code="y">Inhaltstext</subfield></datafield><datafield tag="856" ind1="4" ind2=" "><subfield code="8">01</subfield><subfield code="u">http://d-nb.info/1001975928/04</subfield><subfield code="y">Verlagsinformation</subfield></datafield><datafield tag="980" ind1="0" ind2=" "><subfield code="a">00488491</subfield><subfield code="9">(PHFR)</subfield><subfield code="b">UG (33)</subfield><subfield code="c">Bio F 700: 33</subfield><subfield code="d">Standardleihe (01)</subfield><subfield code="e">Verfügbar (X)</subfield></datafield></record>