
<record><leader>05744nam a2200000uu 4500</leader><controlfield tag="001">01586241</controlfield><controlfield tag="003">DE-Frei129</controlfield><controlfield tag="005">20220811084055.0</controlfield><controlfield tag="007">tu</controlfield><controlfield tag="008">101124s2010    ||||||||||||||||||||ger||</controlfield><datafield tag="015" ind1=" " ind2=" "><subfield code="a">11,A01</subfield></datafield><datafield tag="016" ind1="7" ind2=" "><subfield code="a">1008316210</subfield><subfield code="2">DE-101</subfield></datafield><datafield tag="020" ind1=" " ind2=" "><subfield code="a">9783832294663</subfield><subfield code="9">9783832294663</subfield><subfield code="c">kart. : EUR 9.80 (DE), EUR 9.80 (AT), sfr 19.60 (freier Pr.)</subfield></datafield><datafield tag="024" ind1="3" ind2=" "><subfield code="a">9783832294663</subfield></datafield><datafield tag="035" ind1=" " ind2=" "><subfield code="a">(DE-576)640507131</subfield></datafield><datafield tag="041" ind1=" " ind2=" "><subfield code="a">ger</subfield></datafield><datafield tag="044" ind1=" " ind2=" "><subfield code="c">XA-DE-NW</subfield></datafield><datafield tag="100" ind1="1" ind2=" "><subfield code="a">Sammet, Markus Sebastian</subfield><subfield code="0">(DE-Frei129)00531318</subfield></datafield><datafield tag="245" ind1="1" ind2="0"><subfield code="a">Erprobung und Bewertung eines selbsterstellten bodenkundlichen Exkursionsführers zur Förderung des projekt- und schülerorientierten Lernens in einer 10. Klasse der Realschule</subfield><subfield code="c">Markus Sebastian Sammet</subfield></datafield><datafield tag="260" ind1="3" ind2=" "><subfield code="a">Aachen</subfield><subfield code="b">Shaker-Verl</subfield><subfield code="c">2010</subfield></datafield><datafield tag="300" ind1=" " ind2=" "><subfield code="a">89 Seiten</subfield><subfield code="b">Ill</subfield><subfield code="c">21 cm, 138 g</subfield></datafield><datafield tag="490" ind1="0" ind2=" "><subfield code="a">Berichte aus der Pädagogik</subfield></datafield><datafield tag="500" ind1=" " ind2=" "><subfield code="a">Literaturangaben</subfield></datafield><datafield tag="500" ind1=" " ind2=" "><subfield code="a">IMD-Felder maschinell generiert (GBV)</subfield></datafield><datafield tag="650" ind1=" " ind2="7"><subfield code="a">Chemische Analyse</subfield><subfield code="0">(DE-Frei129)00004932</subfield><subfield code="0">(DE-588)4009840-0</subfield><subfield code="2">gnd</subfield></datafield><datafield tag="650" ind1=" " ind2="7"><subfield code="a">Realschule</subfield><subfield code="0">(DE-Frei129)00020184</subfield><subfield code="0">(DE-588)4048689-8</subfield><subfield code="2">gnd</subfield></datafield><datafield tag="650" ind1=" " ind2="7"><subfield code="a">Bodenchemie</subfield><subfield code="0">(DE-Frei129)00054701</subfield><subfield code="0">(DE-588)4146134-4</subfield><subfield code="2">gnd</subfield></datafield><datafield tag="650" ind1=" " ind2="7"><subfield code="a">Nährstoff</subfield><subfield code="0">(DE-Frei129)00143033</subfield><subfield code="0">(DE-588)4171097-6</subfield><subfield code="2">gnd</subfield></datafield><datafield tag="650" ind1=" " ind2="7"><subfield code="a">Chemische Analyse</subfield><subfield code="0">(DE-Frei129)00004932</subfield><subfield code="0">(DE-588)4009840-0</subfield><subfield code="2">gnd</subfield></datafield><datafield tag="650" ind1=" " ind2="7"><subfield code="a">Projektunterricht</subfield><subfield code="0">(DE-Frei129)00019670</subfield><subfield code="0">(DE-588)4047445-8</subfield><subfield code="2">gnd</subfield></datafield><datafield tag="650" ind1=" " ind2="7"><subfield code="a">Realschule</subfield><subfield code="0">(DE-Frei129)00020184</subfield><subfield code="0">(DE-588)4048689-8</subfield><subfield code="2">gnd</subfield></datafield><datafield tag="650" ind1=" " ind2="7"><subfield code="a">Schuljahr 10</subfield><subfield code="0">(DE-Frei129)00021630</subfield><subfield code="0">(DE-588)4053512-5</subfield><subfield code="2">gnd</subfield></datafield><datafield tag="689" ind1="0" ind2="0"><subfield code="0">(DE-588)4146134-4</subfield><subfield code="D">s</subfield><subfield code="a">Bodenchemie </subfield></datafield><datafield tag="689" ind1="0" ind2="1"><subfield code="0">(DE-588)4171097-6</subfield><subfield code="D">s</subfield><subfield code="a">Nährstoff </subfield></datafield><datafield tag="689" ind1="0" ind2="2"><subfield code="0">(DE-588)4009840-0</subfield><subfield code="D">s</subfield><subfield code="a">Chemische Analyse </subfield></datafield><datafield tag="689" ind1="0" ind2="3"><subfield code="0">(DE-588)4047445-8</subfield><subfield code="D">s</subfield><subfield code="a">Projektunterricht </subfield></datafield><datafield tag="689" ind1="0" ind2="4"><subfield code="0">(DE-588)4048689-8</subfield><subfield code="D">s</subfield><subfield code="a">Realschule </subfield></datafield><datafield tag="689" ind1="0" ind2="5"><subfield code="0">(DE-588)4053512-5</subfield><subfield code="D">s</subfield><subfield code="a">Schuljahr 10</subfield><subfield code="5">DE-101</subfield></datafield><datafield tag="852" ind1=" " ind2=" "><subfield code="a">Frei129</subfield><subfield code="c">Che G 160: 97</subfield></datafield><datafield tag="856" ind1="4" ind2=" "><subfield code="8">00</subfield><subfield code="u">http://d-nb.info/1008316210/04</subfield><subfield code="y">Kurzbeschreibung des Verlags</subfield></datafield><datafield tag="980" ind1="0" ind2=" "><subfield code="a">00218755</subfield><subfield code="9">(PHFR)</subfield><subfield code="b">UG (33)</subfield><subfield code="c">Che G 160: 97</subfield><subfield code="d">Standardleihe (01)</subfield><subfield code="e">Verfügbar (X)</subfield></datafield></record>