
<record><leader>06218nam a2200000uu 4500</leader><controlfield tag="001">01585505</controlfield><controlfield tag="003">DE-Frei129</controlfield><controlfield tag="005">20220811084055.0</controlfield><controlfield tag="007">tu</controlfield><controlfield tag="008">110224s2010    ||||||||||||||||||||ger||</controlfield><datafield tag="016" ind1="7" ind2=" "><subfield code="a">626104041</subfield><subfield code="2">DE-101</subfield></datafield><datafield tag="020" ind1=" " ind2=" "><subfield code="a">9783283011192</subfield><subfield code="9">978-3-283-01119-2</subfield><subfield code="c">EUR 29.95</subfield></datafield><datafield tag="035" ind1=" " ind2=" "><subfield code="a">(DE-576)1608304620</subfield></datafield><datafield tag="041" ind1=" " ind2=" "><subfield code="a">ger</subfield></datafield><datafield tag="044" ind1=" " ind2=" "><subfield code="c">XA-CH</subfield></datafield><datafield tag="245" ind1="1" ind2="0"><subfield code="a">1001 Kinder- &amp; Jugendbücher</subfield><subfield code="b">lies uns, bevor du erwachsen bist!</subfield><subfield code="c">hrsg.  von Julia Eccleshare. Vorw. von Christiane Raabe. [Übers.:  Stefanie Kuballa-Cottone]</subfield></datafield><datafield tag="246" ind1="1" ind2="0"><subfield code="a">Tausendein Kinder- &amp; Jugendbücher</subfield></datafield><datafield tag="250" ind1=" " ind2=" "><subfield code="a">Dt. Ausg., 1. Aufl.</subfield></datafield><datafield tag="260" ind1="3" ind2=" "><subfield code="a">Oetwil a.S. ; Zürich</subfield><subfield code="b">Ed.  Olms</subfield><subfield code="c">2010</subfield></datafield><datafield tag="300" ind1=" " ind2=" "><subfield code="a">960  Seiten</subfield><subfield code="b">zahlr. Ill.</subfield><subfield code="c">210 mm x 160 mm</subfield></datafield><datafield tag="500" ind1=" " ind2=" "><subfield code="a">Keine Dubl. zu !330839772!</subfield></datafield><datafield tag="650" ind1=" " ind2="7"><subfield code="a">Kinderliteratur</subfield><subfield code="0">(DE-Frei129)00012736</subfield><subfield code="0">(DE-588)4073409-2</subfield><subfield code="2">gnd</subfield></datafield><datafield tag="650" ind1=" " ind2="7"><subfield code="a">Jugendliteratur</subfield><subfield code="0">(DE-Frei129)00012735</subfield><subfield code="0">(DE-588)4028911-4</subfield><subfield code="2">gnd</subfield></datafield><datafield tag="650" ind1=" " ind2="7"><subfield code="a">Rezension</subfield><subfield code="0">(DE-Frei129)00015506</subfield><subfield code="0">(DE-588)4049712-4</subfield><subfield code="2">gnd</subfield></datafield><datafield tag="650" ind1=" " ind2="7"><subfield code="a">Kind</subfield><subfield code="0">(DE-Frei129)00001633</subfield><subfield code="0">(DE-588)4030550-8</subfield><subfield code="2">gnd</subfield></datafield><datafield tag="650" ind1=" " ind2="7"><subfield code="a">Jugend</subfield><subfield code="0">(DE-Frei129)00001631</subfield><subfield code="0">(DE-588)4028859-6</subfield><subfield code="2">gnd</subfield></datafield><datafield tag="650" ind1=" " ind2="7"><subfield code="a">Lektüre</subfield><subfield code="0">(DE-Frei129)00015251</subfield><subfield code="0">(DE-588)4035296-1</subfield><subfield code="2">gnd</subfield></datafield><datafield tag="655" ind1=" " ind2="7"><subfield code="a">Bibliographie</subfield><subfield code="0">(DE-Frei129)00000098</subfield><subfield code="2">local</subfield></datafield><datafield tag="655" ind1=" " ind2="7"><subfield code="a">Ratgeber</subfield><subfield code="0">(DE-Frei129)00000013</subfield><subfield code="2">local</subfield></datafield><datafield tag="689" ind1="0" ind2="0"><subfield code="0">(DE-588)4073409-2</subfield><subfield code="D">s</subfield><subfield code="a">Kinderliteratur </subfield></datafield><datafield tag="689" ind1="0" ind2="1"><subfield code="0">(DE-588)4028911-4</subfield><subfield code="D">s</subfield><subfield code="a">Jugendliteratur </subfield></datafield><datafield tag="689" ind1="0" ind2="2"><subfield code="0">(DE-588)4049712-4</subfield><subfield code="D">s</subfield><subfield code="a">Rezension </subfield></datafield><datafield tag="689" ind1="0" ind2="3"><subfield code="A">s</subfield><subfield code="a">Bibliographie</subfield><subfield code="5">DE-101</subfield></datafield><datafield tag="689" ind1="1" ind2="0"><subfield code="0">(DE-588)4030550-8</subfield><subfield code="D">s</subfield><subfield code="a">Kind </subfield></datafield><datafield tag="689" ind1="1" ind2="1"><subfield code="0">(DE-588)4028859-6</subfield><subfield code="D">s</subfield><subfield code="a">Jugend </subfield></datafield><datafield tag="689" ind1="1" ind2="2"><subfield code="0">(DE-588)4035296-1</subfield><subfield code="D">s</subfield><subfield code="a">Lektüre </subfield></datafield><datafield tag="689" ind1="1" ind2="3"><subfield code="A">s</subfield><subfield code="a">Ratgeber</subfield><subfield code="5">DE-101</subfield></datafield><datafield tag="700" ind1="1" ind2=" "><subfield code="0">(DE-Frei129)00526279</subfield><subfield code="a">Eccleshare, Julia</subfield><subfield code="4">Hrsg.</subfield></datafield><datafield tag="700" ind1="1" ind2=" "><subfield code="0">(DE-588)134242629</subfield><subfield code="0">(DE-Frei129)00529911</subfield><subfield code="a">Kuballa-Cottone, Stefanie</subfield><subfield code="4">Übers.</subfield></datafield><datafield tag="852" ind1=" " ind2=" "><subfield code="a">Frei 129</subfield><subfield code="b">PHFR</subfield><subfield code="c">EC 8301 E17</subfield></datafield><datafield tag="856" ind1="4" ind2=" "><subfield code="8">00</subfield><subfield code="u">http://ifb.bsz-bw.de/bsz33789583Xrez-1.pdf</subfield><subfield code="y">Rezension</subfield></datafield><datafield tag="856" ind1="4" ind2=" "><subfield code="8">01</subfield><subfield code="u">http://deposit.d-nb.de/cgi-bin/dokserv?id=3470758&amp;prov=M&amp;dok_var=1&amp;dok_ext=htm</subfield><subfield code="y">01 Inhaltstext</subfield></datafield><datafield tag="980" ind1="0" ind2=" "><subfield code="a">00215842</subfield><subfield code="9">(PHFR)</subfield><subfield code="b">2.OG (35)</subfield><subfield code="c">EC 8301 E17</subfield><subfield code="d">Standardleihe (01)</subfield><subfield code="e">Verfügbar (X)</subfield></datafield></record>