
<record><leader>03729nam a2200000uu 4500</leader><controlfield tag="001">01585413</controlfield><controlfield tag="003">DE-Frei129</controlfield><controlfield tag="005">20220811084055.0</controlfield><controlfield tag="007">tu</controlfield><controlfield tag="008">110323s2010    ||||||||||||||||||||eng||</controlfield><datafield tag="020" ind1=" " ind2=" "><subfield code="a">9780920236161</subfield><subfield code="9">9780920236161</subfield><subfield code="c">pbk.</subfield></datafield><datafield tag="020" ind1=" " ind2=" "><subfield code="a">0920236162</subfield><subfield code="9">0920236162</subfield><subfield code="c">pbk.</subfield></datafield><datafield tag="020" ind1=" " ind2=" "><subfield code="a">0920236820</subfield><subfield code="9">0920236820</subfield><subfield code="c">bound</subfield></datafield><datafield tag="035" ind1=" " ind2=" "><subfield code="a">(DE-576)1608176940</subfield></datafield><datafield tag="041" ind1=" " ind2=" "><subfield code="a">eng</subfield></datafield><datafield tag="044" ind1=" " ind2=" "><subfield code="c">XD-CA</subfield></datafield><datafield tag="245" ind1="1" ind2="4"><subfield code="a">The paper bag princess</subfield><subfield code="c">story, Robert Munsch; ill. Michael Martchenko</subfield></datafield><datafield tag="260" ind1="3" ind2=" "><subfield code="a">Toronto [u.a.]</subfield><subfield code="b">Annick Press</subfield><subfield code="c">2010</subfield></datafield><datafield tag="300" ind1=" " ind2=" "><subfield code="a">[15] Blatt</subfield></datafield><datafield tag="520" ind1=" " ind2=" "><subfield code="a">Princess Elizabeth is set to marry Prince Ronald when a dragon attacks the castle and kidnaps Ronald. In resourceful fashion, Elizabeth finds the dragon, outsmarts him, and rescues Ronald--who is less than pleased by her un-princess-like appearance</subfield></datafield><datafield tag="650" ind1=" " ind2="7"><subfield code="a">Princesses</subfield><subfield code="0">(DE-Frei129)00414154</subfield><subfield code="2">local</subfield></datafield><datafield tag="650" ind1=" " ind2="7"><subfield code="a">Pictorial works</subfield><subfield code="0">(DE-Frei129)00237516</subfield><subfield code="2">local</subfield></datafield><datafield tag="650" ind1=" " ind2="7"><subfield code="a">Juvenile fiction</subfield><subfield code="0">(DE-Frei129)00282715</subfield><subfield code="2">local</subfield></datafield><datafield tag="689" ind1="0" ind2="0"><subfield code="A">s</subfield><subfield code="a">Princesses </subfield></datafield><datafield tag="689" ind1="0" ind2="1"><subfield code="A">s</subfield><subfield code="a">Pictorial works </subfield></datafield><datafield tag="689" ind1="0" ind2="2"><subfield code="A">s</subfield><subfield code="a">Juvenile fiction</subfield><subfield code="5">DE-101</subfield></datafield><datafield tag="700" ind1="1" ind2=" "><subfield code="0">(DE-588)130817872</subfield><subfield code="0">(DE-Frei129)00521672</subfield><subfield code="a">Munsch, Robert N.</subfield><subfield code="4">oth</subfield></datafield><datafield tag="700" ind1="1" ind2=" "><subfield code="0">(DE-Frei129)00521673</subfield><subfield code="a">Martchenko, Michael</subfield><subfield code="4">oth</subfield></datafield><datafield tag="852" ind1=" " ind2=" "><subfield code="a">Frei 129</subfield><subfield code="b">PHFR</subfield><subfield code="c">HG 831 M969 P2</subfield></datafield><datafield tag="980" ind1="0" ind2=" "><subfield code="a">00429929</subfield><subfield code="9">(PHFR)</subfield><subfield code="b">Handbibliothek (50)</subfield><subfield code="c">Fre O 780: 456</subfield><subfield code="d">Handbibliothek - nie verleihbar (54)</subfield><subfield code="e">Nicht im Regal</subfield></datafield></record>