
<record><leader>02303nam a2200000uuc4500</leader><controlfield tag="001">01584597</controlfield><controlfield tag="003">DE-Frei129</controlfield><controlfield tag="005">20220811084055.0</controlfield><controlfield tag="007">tu</controlfield><controlfield tag="008">110118s2010    ||||||||||||||||||||ger||</controlfield><datafield tag="020" ind1=" " ind2=" "><subfield code="a">9783060816309</subfield><subfield code="9">9783060816309</subfield></datafield><datafield tag="035" ind1=" " ind2=" "><subfield code="a">(DE-576)140605657X</subfield></datafield><datafield tag="041" ind1=" " ind2=" "><subfield code="a">ger</subfield></datafield><datafield tag="245" ind1="1" ind2="0"><subfield code="a">Tobi-Fibel</subfield><subfield code="n">Erstlesebuch</subfield><subfield code="p">Erstlesebuch</subfield><subfield code="c">von Wilfried Metze</subfield></datafield><datafield tag="250" ind1=" " ind2=" "><subfield code="a">1. Aufl.</subfield></datafield><datafield tag="260" ind1="3" ind2=" "><subfield code="a">Berlin</subfield><subfield code="b">Cornelsen-Velhagen &amp; Klasing</subfield><subfield code="c">2010</subfield></datafield><datafield tag="300" ind1=" " ind2=" "><subfield code="a">80 Seiten</subfield><subfield code="b">Ill.</subfield></datafield><datafield tag="773" ind1="0" ind2="8"><subfield code="w">(DE-Frei129)00970106</subfield><subfield code="q">ERSTLESEBUCH</subfield></datafield><datafield tag="852" ind1=" " ind2=" "><subfield code="a">Frei 129</subfield><subfield code="b">PHFR</subfield><subfield code="c">GB 3000 I M596</subfield></datafield><datafield tag="856" ind1="4" ind2=" "><subfield code="8">00</subfield><subfield code="u">http://swbplus.bsz-bw.de/bsz336056575cov.htm</subfield><subfield code="y">Cover</subfield></datafield><datafield tag="856" ind1="4" ind2=" "><subfield code="8">01</subfield><subfield code="u">http://swbplus.bsz-bw.de/bsz336056575inh.htm</subfield><subfield code="y">Inhaltsverzeichnis</subfield></datafield><datafield tag="980" ind1="0" ind2=" "><subfield code="a">00379771</subfield><subfield code="9">(PHFR)</subfield><subfield code="b">Handbibliothek (50)</subfield><subfield code="c">Deu O 310: 100</subfield><subfield code="d">Handbibliothek - nie verleihbar (54)</subfield><subfield code="e">Verfügbar (X)</subfield></datafield></record>