
<record><leader>02967nam a2200000uuc4500</leader><controlfield tag="001">01584576</controlfield><controlfield tag="003">DE-Frei129</controlfield><controlfield tag="005">20220811084055.0</controlfield><controlfield tag="007">tu</controlfield><controlfield tag="008">110118s2010    ||||||||||||||||||||ger||</controlfield><datafield tag="020" ind1=" " ind2=" "><subfield code="a">9783120112716</subfield><subfield code="9">978-3-12-011271-6</subfield></datafield><datafield tag="035" ind1=" " ind2=" "><subfield code="a">(DE-576)1406022918</subfield></datafield><datafield tag="041" ind1=" " ind2=" "><subfield code="a">ger</subfield></datafield><datafield tag="245" ind1="1" ind2="0"><subfield code="a">Offene Aufgaben für individuelles Lernen im Mathematikunterricht der Grundschule ...</subfield><subfield code="b">Aufgabenbeispiele und Schülerbearbeitungen</subfield><subfield code="n">1/2</subfield><subfield code="c">Renate Rasch</subfield></datafield><datafield tag="250" ind1=" " ind2=" "><subfield code="a">1. Aufl. [Nachdr.]</subfield></datafield><datafield tag="260" ind1="3" ind2=" "><subfield code="a">[Dortmund]</subfield><subfield code="b">vpm</subfield><subfield code="c">2010</subfield></datafield><datafield tag="300" ind1=" " ind2=" "><subfield code="a">96  Seiten</subfield><subfield code="b">Ill.</subfield><subfield code="c">297 mm x 210 mm</subfield><subfield code="e">1 CD-ROM</subfield></datafield><datafield tag="500" ind1=" " ind2=" "><subfield code="a">Hier auch später erschienene, unveränderte Nachdrucke!!!</subfield></datafield><datafield tag="700" ind1="1" ind2=" "><subfield code="0">(DE-Frei129)00137161</subfield><subfield code="a">Rasch, Renate</subfield><subfield code="4">aut</subfield></datafield><datafield tag="773" ind1="0" ind2="8"><subfield code="w">(DE-Frei129)00944171</subfield><subfield code="q">11 12</subfield></datafield><datafield tag="852" ind1=" " ind2=" "><subfield code="a">Frei129</subfield><subfield code="c">Math O 700: 153,1/2</subfield></datafield><datafield tag="980" ind1="0" ind2=" "><subfield code="a">00308396</subfield><subfield code="9">(PHFR)</subfield><subfield code="b">Handbibliothek (50)</subfield><subfield code="c">Math O 700: 153,1/2</subfield><subfield code="d">Handbibliothek - nie verleihbar (54)</subfield><subfield code="e">Verfügbar (X)</subfield></datafield><datafield tag="980" ind1="0" ind2=" "><subfield code="a">00383642</subfield><subfield code="9">(PHFR)</subfield><subfield code="b">UG (33)</subfield><subfield code="c">Math O 700: 153,1/2</subfield><subfield code="d">Standardleihe (01)</subfield><subfield code="e">Verfügbar (X)</subfield></datafield><datafield tag="980" ind1="0" ind2=" "><subfield code="a">00383643</subfield><subfield code="9">(PHFR)</subfield><subfield code="b">UG (33)</subfield><subfield code="c">Math O 700: 153,1/2 a</subfield><subfield code="d">Präsenzbestand II (51)</subfield><subfield code="e">Verfügbar (X)</subfield></datafield></record>