
<record><leader>04506nam a2200000uu 4500</leader><controlfield tag="001">01584572</controlfield><controlfield tag="003">DE-Frei129</controlfield><controlfield tag="005">20220811084055.0</controlfield><controlfield tag="007">tu</controlfield><controlfield tag="008">110118s2010    ||||||||||||||||||||ger||</controlfield><datafield tag="015" ind1=" " ind2=" "><subfield code="a">10,N42</subfield></datafield><datafield tag="016" ind1="7" ind2=" "><subfield code="a">1007653035</subfield><subfield code="2">DE-101</subfield></datafield><datafield tag="020" ind1=" " ind2=" "><subfield code="a">9783834455369</subfield><subfield code="9">978-3-8344-5536-9</subfield><subfield code="c">Kart. : EUR 19.95 (DE), sfr 34.80 (freier Pr.)</subfield></datafield><datafield tag="024" ind1="3" ind2=" "><subfield code="a">9783834455369</subfield></datafield><datafield tag="024" ind1="8" ind2=" "><subfield code="a">Best.-Nr.</subfield></datafield><datafield tag="035" ind1=" " ind2=" "><subfield code="a">(DE-576)637263316</subfield></datafield><datafield tag="041" ind1=" " ind2=" "><subfield code="a">ger</subfield></datafield><datafield tag="044" ind1=" " ind2=" "><subfield code="c">XA-DE-NI</subfield></datafield><datafield tag="245" ind1="1" ind2="0"><subfield code="a">Startklar für den Schulanfang?</subfield><subfield code="b">Wahrnehmungsstörungen rechtzeitig erkennen und Lernstörungen vorbeugen</subfield><subfield code="c">Cornelius Knecht; Monika Volkert</subfield></datafield><datafield tag="250" ind1=" " ind2=" "><subfield code="a">2. Aufl.</subfield></datafield><datafield tag="260" ind1="3" ind2=" "><subfield code="a">Buxtehude</subfield><subfield code="b">Auer</subfield><subfield code="c">2010</subfield></datafield><datafield tag="300" ind1=" " ind2=" "><subfield code="a">128  Seiten</subfield><subfield code="b">Ill., graph. Darst.</subfield><subfield code="c">297 mm x 210 mm, 391 g</subfield></datafield><datafield tag="650" ind1=" " ind2="7"><subfield code="a">Lernstörung</subfield><subfield code="0">(DE-Frei129)00015273</subfield><subfield code="0">(DE-588)4035420-9</subfield><subfield code="2">gnd</subfield></datafield><datafield tag="650" ind1=" " ind2="7"><subfield code="a">Schuljahr 1-2</subfield><subfield code="0">(DE-Frei129)00074951</subfield><subfield code="0">(DE-588)4205320-1</subfield><subfield code="2">gnd</subfield></datafield><datafield tag="655" ind1=" " ind2="7"><subfield code="a">Checkliste</subfield><subfield code="0">(DE-Frei129)00000392</subfield><subfield code="2">local</subfield></datafield><datafield tag="689" ind1="0" ind2="0"><subfield code="0">(DE-588)4035420-9</subfield><subfield code="D">s</subfield><subfield code="a">Lernstörung </subfield></datafield><datafield tag="689" ind1="0" ind2="1"><subfield code="0">(DE-588)4205320-1</subfield><subfield code="D">s</subfield><subfield code="a">Schuljahr 1-2 </subfield></datafield><datafield tag="689" ind1="0" ind2="2"><subfield code="A">s</subfield><subfield code="a">Checkliste</subfield><subfield code="5">DE-101</subfield></datafield><datafield tag="700" ind1="1" ind2=" "><subfield code="0">(DE-588)132059630</subfield><subfield code="0">(DE-Frei129)00155329</subfield><subfield code="a">Knecht, Cornelius</subfield><subfield code="4">aut</subfield></datafield><datafield tag="700" ind1="1" ind2=" "><subfield code="0">(DE-588)132059649</subfield><subfield code="0">(DE-Frei129)00155330</subfield><subfield code="a">Volkert, Monika</subfield><subfield code="4">aut</subfield></datafield><datafield tag="700" ind1="1" ind2=" "><subfield code="0">(DE-Frei129)01200892</subfield><subfield code="a">Windisch, Yvonne</subfield><subfield code="4">Red.</subfield></datafield><datafield tag="700" ind1="1" ind2=" "><subfield code="0">(DE-Frei129)00156822</subfield><subfield code="a">Wassilowsky, Isabelle</subfield><subfield code="4">oth</subfield></datafield><datafield tag="852" ind1=" " ind2=" "><subfield code="a">Frei129</subfield><subfield code="c">Paed K 730: 131</subfield></datafield><datafield tag="856" ind1="4" ind2=" "><subfield code="8">00</subfield><subfield code="u">http://d-nb.info/1007653035/04</subfield><subfield code="y">Inhaltsverzeichnis</subfield></datafield><datafield tag="980" ind1="0" ind2=" "><subfield code="a">00219638</subfield><subfield code="9">(PHFR)</subfield><subfield code="b">EG-Anbau (32)</subfield><subfield code="c">Paed K 730: 131</subfield><subfield code="d">Standardleihe (01)</subfield><subfield code="e">Verfügbar (X)</subfield></datafield></record>