
<record><leader>05930nam a2200000uu 4500</leader><controlfield tag="001">01584258</controlfield><controlfield tag="003">DE-Frei129</controlfield><controlfield tag="005">20220811084055.0</controlfield><controlfield tag="007">tu</controlfield><controlfield tag="008">101213s2010    ||||||||||||||||||||ger||</controlfield><datafield tag="015" ind1=" " ind2=" "><subfield code="a">06,A18,0749</subfield></datafield><datafield tag="016" ind1="7" ind2=" "><subfield code="a">974388661</subfield><subfield code="2">DE-101</subfield></datafield><datafield tag="020" ind1=" " ind2=" "><subfield code="a">3873875802</subfield><subfield code="9">3-87387-580-2</subfield><subfield code="c">kart. : EUR 18.50, sfr 32.70</subfield></datafield><datafield tag="020" ind1=" " ind2=" "><subfield code="z">9783873875807</subfield><subfield code="9">978-3-87387-580-7</subfield><subfield code="c">kart. : EUR 18.50, sfr 32.70</subfield></datafield><datafield tag="024" ind1="3" ind2=" "><subfield code="a">9783873875807</subfield></datafield><datafield tag="035" ind1=" " ind2=" "><subfield code="a">(DE-576)1606876775</subfield></datafield><datafield tag="041" ind1=" " ind2=" "><subfield code="a">ger</subfield></datafield><datafield tag="100" ind1="1" ind2=" "><subfield code="a">Hart, Sura</subfield><subfield code="0">(DE-Frei129)00153615</subfield></datafield><datafield tag="245" ind1="1" ind2="0"><subfield code="a">Empathie im Klassenzimmer</subfield><subfield code="b">ein Lehren und Lernen, das zwischenmenschliche Beziehungen in den Mittelpunkt stellt; gewaltfreie Kommunikation im Unterricht</subfield><subfield code="c">Sura Hart &amp; Victoria Kindle Hodson. Aus dem Amerikan. von Michael Dillo. [Überarb. der Übers.: Ingrid Holler]</subfield></datafield><datafield tag="250" ind1=" " ind2=" "><subfield code="a">2., Aufl.</subfield></datafield><datafield tag="260" ind1="3" ind2=" "><subfield code="a">Paderborn</subfield><subfield code="b">Junfermann</subfield><subfield code="c">2010</subfield></datafield><datafield tag="300" ind1=" " ind2=" "><subfield code="a">190  Seiten</subfield><subfield code="b">Ill.</subfield><subfield code="c">24 cm</subfield></datafield><datafield tag="490" ind1="0" ind2=" "><subfield code="a">Reihe Kommunikation, gewaltfreie Kommunikation : Coaching fürs Leben</subfield></datafield><datafield tag="500" ind1=" " ind2=" "><subfield code="a">5090 ddsu,sred</subfield></datafield><datafield tag="650" ind1=" " ind2="7"><subfield code="a">Schule</subfield><subfield code="0">(DE-Frei129)00003193</subfield><subfield code="0">(DE-588)4053474-1</subfield><subfield code="2">gnd</subfield></datafield><datafield tag="650" ind1=" " ind2="7"><subfield code="a">Gewalttätigkeit</subfield><subfield code="0">(DE-Frei129)00052908</subfield><subfield code="0">(DE-588)4157237-3</subfield><subfield code="2">gnd</subfield></datafield><datafield tag="650" ind1=" " ind2="7"><subfield code="a">Prävention</subfield><subfield code="0">(DE-Frei129)00031628</subfield><subfield code="0">(DE-588)4076308-0</subfield><subfield code="2">gnd</subfield></datafield><datafield tag="650" ind1=" " ind2="7"><subfield code="a">Prävention</subfield><subfield code="0">(DE-Frei129)00031628</subfield><subfield code="0">(DE-588)4076308-0</subfield><subfield code="2">gnd</subfield></datafield><datafield tag="689" ind1="0" ind2="0"><subfield code="0">(DE-588)4053474-1</subfield><subfield code="D">s</subfield><subfield code="a">Schule </subfield></datafield><datafield tag="689" ind1="0" ind2="1"><subfield code="0">(DE-588)4157237-3</subfield><subfield code="D">s</subfield><subfield code="a">Gewalttätigkeit </subfield></datafield><datafield tag="689" ind1="0" ind2="2"><subfield code="0">(DE-588)4076308-0</subfield><subfield code="D">s</subfield><subfield code="a">Prävention</subfield><subfield code="5">DE-101</subfield></datafield><datafield tag="700" ind1="1" ind2=" "><subfield code="0">(DE-Frei129)00131406</subfield><subfield code="a">Kindle-Hodson, Victoria</subfield><subfield code="4">aut</subfield></datafield><datafield tag="700" ind1="1" ind2=" "><subfield code="0">(DE-Frei129)28000694</subfield><subfield code="a">Dillo, Michael</subfield><subfield code="4">Übers.</subfield></datafield><datafield tag="730" ind1="0" ind2="2"><subfield code="a">The compassionate classroom</subfield><subfield code="l">ger</subfield></datafield><datafield tag="852" ind1=" " ind2=" "><subfield code="a">Frei 129</subfield><subfield code="b">PHFR</subfield><subfield code="c">Psy G 590: 85</subfield></datafield><datafield tag="856" ind1="4" ind2=" "><subfield code="8">00</subfield><subfield code="u">http://deposit.ddb.de/cgi-bin/dokserv?id=2617988&amp;prov=M&amp;dok_var=1&amp;dok_ext=htm</subfield><subfield code="y">Inhaltstext</subfield></datafield><datafield tag="856" ind1="4" ind2=" "><subfield code="8">01</subfield><subfield code="u">http://swbplus.bsz-bw.de/bsz253084725inh.htm</subfield><subfield code="y">Inhaltsverzeichnis</subfield></datafield><datafield tag="980" ind1="0" ind2=" "><subfield code="a">00349789</subfield><subfield code="9">(PHFR)</subfield><subfield code="b">EG-Anbau (32)</subfield><subfield code="c">Psy G 590: 85 a</subfield><subfield code="d">Standardleihe (01)</subfield><subfield code="e">ausgeliehen (A) - Fälligkeitsdatum: 30.08.2022</subfield></datafield><datafield tag="980" ind1="0" ind2=" "><subfield code="a">00388638</subfield><subfield code="9">(PHFR)</subfield><subfield code="b">EG-Anbau (32)</subfield><subfield code="c">Psy G 590: 85 b</subfield><subfield code="d">Standardleihe (01)</subfield><subfield code="e">Verfügbar (X)</subfield></datafield><datafield tag="980" ind1="0" ind2=" "><subfield code="a">00485383</subfield><subfield code="9">(PHFR)</subfield><subfield code="b">EG-Anbau (32)</subfield><subfield code="c">Psy G 590: 85 c</subfield><subfield code="d">Standardleihe (01)</subfield><subfield code="e">Verfügbar (X)</subfield></datafield></record>