
<record><leader>02668nam a2200000uuc4500</leader><controlfield tag="001">01583447</controlfield><controlfield tag="003">DE-Frei129</controlfield><controlfield tag="005">20220811084056.0</controlfield><controlfield tag="007">tu</controlfield><controlfield tag="008">101027s2010    ||||||||||||||||||||eng||</controlfield><datafield tag="020" ind1=" " ind2=" "><subfield code="a">9783464346969</subfield><subfield code="9">9783464346969</subfield></datafield><datafield tag="035" ind1=" " ind2=" "><subfield code="a">(DE-576)1402626142</subfield></datafield><datafield tag="041" ind1=" " ind2=" "><subfield code="a">eng</subfield></datafield><datafield tag="245" ind1="1" ind2="0"><subfield code="a">Sunshine</subfield><subfield code="b">Lehrwerk für den früh beginnenden Englischunterricht</subfield><subfield code="n">4, Pupil&apos;s book</subfield><subfield code="p">Class 4</subfield><subfield code="c">Erarbeitet von Susan Norman und Hugh L&apos;Estrange unter Mitarb. von [...]</subfield></datafield><datafield tag="250" ind1=" " ind2=" "><subfield code="a">1. Aufl.</subfield></datafield><datafield tag="260" ind1="3" ind2=" "><subfield code="c">2010</subfield></datafield><datafield tag="300" ind1=" " ind2=" "><subfield code="a">40 Seiten</subfield><subfield code="b">Ill.</subfield><subfield code="c">30 cm</subfield></datafield><datafield tag="773" ind1="0" ind2="8"><subfield code="w">(DE-Frei129)16042635</subfield><subfield code="q">14SCHU1142010</subfield></datafield><datafield tag="852" ind1=" " ind2=" "><subfield code="a">Frei 129</subfield><subfield code="b">PHFR</subfield><subfield code="c">HD 220 I S958 -4</subfield></datafield><datafield tag="856" ind1="4" ind2=" "><subfield code="8">00</subfield><subfield code="u">http://swbplus.bsz-bw.de/bsz332626148cov.htm</subfield><subfield code="y">Cover</subfield></datafield><datafield tag="856" ind1="4" ind2=" "><subfield code="8">01</subfield><subfield code="u">http://swbplus.bsz-bw.de/bsz332626148inh.htm</subfield><subfield code="y">Inhaltsverzeichnis</subfield></datafield><datafield tag="980" ind1="0" ind2=" "><subfield code="a">00213503</subfield><subfield code="9">(PHFR)</subfield><subfield code="b">2.OG (35)</subfield><subfield code="c">Fre O 110: 22,4 a</subfield><subfield code="d">Präsenzbestand II (51)</subfield><subfield code="e">Verfügbar (X)</subfield></datafield><datafield tag="980" ind1="0" ind2=" "><subfield code="a">00213506</subfield><subfield code="9">(PHFR)</subfield><subfield code="b">2.OG (35)</subfield><subfield code="c">HD 220 I S958 -4</subfield><subfield code="d">Standardleihe (01)</subfield><subfield code="e">Verfügbar (X)</subfield></datafield></record>