
<record><leader>07675nam a2200000uu 4500</leader><controlfield tag="001">01583169</controlfield><controlfield tag="003">DE-Frei129</controlfield><controlfield tag="005">20220811084056.0</controlfield><controlfield tag="007">tu</controlfield><controlfield tag="008">100729s2010    ||||||||||||||||||||ger||</controlfield><datafield tag="015" ind1=" " ind2=" "><subfield code="a">10,A39</subfield></datafield><datafield tag="016" ind1="7" ind2=" "><subfield code="a">1004754256</subfield><subfield code="2">DE-101</subfield></datafield><datafield tag="020" ind1=" " ind2=" "><subfield code="a">9783631600641</subfield><subfield code="9">9783631600641</subfield><subfield code="c">Pp. : EUR 51.80 (DE), EUR 53.20 (AT), sfr 76.00 (freier Pr.)</subfield></datafield><datafield tag="024" ind1="3" ind2=" "><subfield code="a">9783631600641</subfield></datafield><datafield tag="035" ind1=" " ind2=" "><subfield code="a">(DE-576)63241913X</subfield></datafield><datafield tag="041" ind1=" " ind2=" "><subfield code="a">ger</subfield><subfield code="a">eng</subfield></datafield><datafield tag="044" ind1=" " ind2=" "><subfield code="c">XA-DE-HE</subfield><subfield code="c">XA-CH</subfield><subfield code="c">XA-BE</subfield></datafield><datafield tag="245" ind1="1" ind2="0"><subfield code="a">Denkkulturen. Selbstwerdung des Menschen. Erziehungskulturen.</subfield><subfield code="b">Festschrift für Professor Dr. Dr. h.c. Dr. h.c. Heino Liimets</subfield><subfield code="c">hrsg. von Airi Liimets</subfield></datafield><datafield tag="260" ind1="3" ind2=" "><subfield code="a">Frankfurt am Main ; Berlin ; Bern ; Wien [u.a.]</subfield><subfield code="b">Lang</subfield><subfield code="c">c 2010</subfield></datafield><datafield tag="300" ind1=" " ind2=" "><subfield code="a">355 Seiten</subfield><subfield code="b">Ill., graph. Darst.</subfield><subfield code="c">210 mm x 148 mm</subfield></datafield><datafield tag="490" ind1="1" ind2=" "><subfield code="a">Baltische Studien zur Erziehungs- und Sozialwissenschaft </subfield><subfield code="v">Bd. 18</subfield></datafield><datafield tag="500" ind1=" " ind2=" "><subfield code="a">Beitr. teilw. dt., teilw. engl. - Literaturangaben</subfield></datafield><datafield tag="500" ind1=" " ind2=" "><subfield code="a">Beitr. überw. dt., teilw. engl.</subfield></datafield><datafield tag="500" ind1=" " ind2=" "><subfield code="a">IMD-Felder maschinell generiert (GBV)</subfield></datafield><datafield tag="600" ind1="1" ind2="7"><subfield code="0">(DE-Frei129)00449516</subfield><subfield code="0">(DE-588)122577167</subfield><subfield code="a">Liimets, Heino</subfield><subfield code="2">gnd</subfield></datafield><datafield tag="650" ind1=" " ind2="7"><subfield code="a">Erziehungsphilosophie</subfield><subfield code="0">(DE-Frei129)00028596</subfield><subfield code="0">(DE-588)4070955-3</subfield><subfield code="2">gnd</subfield></datafield><datafield tag="650" ind1=" " ind2="7"><subfield code="a">Pädagoge</subfield><subfield code="0">(DE-Frei129)00007309</subfield><subfield code="0">(DE-588)4044300-0</subfield><subfield code="2">gnd</subfield></datafield><datafield tag="650" ind1=" " ind2="7"><subfield code="a">Erziehungslehre</subfield><subfield code="0">(DE-Frei129)00056641</subfield><subfield code="0">(DE-588)4152998-4</subfield><subfield code="2">gnd</subfield></datafield><datafield tag="650" ind1=" " ind2="7"><subfield code="a">Ich-Identität</subfield><subfield code="0">(DE-Frei129)00059665</subfield><subfield code="0">(DE-588)4161187-1</subfield><subfield code="2">gnd</subfield></datafield><datafield tag="650" ind1=" " ind2="7"><subfield code="a">Schule</subfield><subfield code="0">(DE-Frei129)00003193</subfield><subfield code="0">(DE-588)4053474-1</subfield><subfield code="2">gnd</subfield></datafield><datafield tag="651" ind1=" " ind2="7"><subfield code="a">Estland</subfield><subfield code="0">(DE-Frei129)00007358</subfield><subfield code="0">(DE-588)4015587-0</subfield><subfield code="2">gnd</subfield></datafield><datafield tag="651" ind1=" " ind2="7"><subfield code="a">Deutschland</subfield><subfield code="g">DDR</subfield><subfield code="0">(DE-Frei129)00005818</subfield><subfield code="0">(DE-588)4011890-3</subfield><subfield code="2">gnd</subfield></datafield><datafield tag="651" ind1=" " ind2="7"><subfield code="a">Finnland</subfield><subfield code="0">(DE-Frei129)00008193</subfield><subfield code="0">(DE-588)4017243-0</subfield><subfield code="2">gnd</subfield></datafield><datafield tag="689" ind1="0" ind2="0"><subfield code="0">(DE-588)122577167</subfield><subfield code="D">p</subfield><subfield code="a">Liimets, Heino</subfield><subfield code="5">DE-101</subfield></datafield><datafield tag="689" ind1="1" ind2="0"><subfield code="0">(DE-588)4070955-3</subfield><subfield code="D">s</subfield><subfield code="a">Erziehungsphilosophie</subfield><subfield code="5">DE-101</subfield></datafield><datafield tag="689" ind1="2" ind2="0"><subfield code="0">(DE-588)4015587-0</subfield><subfield code="D">g</subfield><subfield code="a">Estland </subfield></datafield><datafield tag="689" ind1="2" ind2="1"><subfield code="0">(DE-588)4011890-3</subfield><subfield code="D">g</subfield><subfield code="a">Deutschland &lt;DDR&gt; </subfield></datafield><datafield tag="689" ind1="2" ind2="2"><subfield code="0">(DE-588)4017243-0</subfield><subfield code="D">g</subfield><subfield code="a">Finnland </subfield></datafield><datafield tag="689" ind1="2" ind2="3"><subfield code="0">(DE-588)4044300-0</subfield><subfield code="D">s</subfield><subfield code="a">Pädagoge </subfield></datafield><datafield tag="689" ind1="2" ind2="4"><subfield code="0">(DE-588)4152998-4</subfield><subfield code="D">s</subfield><subfield code="a">Erziehungslehre </subfield></datafield><datafield tag="689" ind1="2" ind2="5"><subfield code="0">(DE-588)4161187-1</subfield><subfield code="D">s</subfield><subfield code="a">Ich-Identität </subfield></datafield><datafield tag="689" ind1="2" ind2="6"><subfield code="0">(DE-588)4070955-3</subfield><subfield code="D">s</subfield><subfield code="a">Erziehungsphilosophie </subfield></datafield><datafield tag="689" ind1="2" ind2="7"><subfield code="0">(DE-588)4053474-1</subfield><subfield code="D">s</subfield><subfield code="a">Schule</subfield><subfield code="5">DE-101</subfield></datafield><datafield tag="700" ind1="1" ind2=" "><subfield code="0">(DE-588)123079020</subfield><subfield code="0">(DE-Frei129)00136443</subfield><subfield code="a">Liimets, Airi</subfield><subfield code="4">oth</subfield></datafield><datafield tag="700" ind1="1" ind2=" "><subfield code="0">(DE-588)122577167</subfield><subfield code="0">(DE-Frei129)00449516</subfield><subfield code="a">Liimets, Heino</subfield><subfield code="4">hnr</subfield></datafield><datafield tag="830" ind1=" " ind2="0"><subfield code="a">Baltische Studien zur Erziehungs- und Sozialwissenschaft</subfield><subfield code="v">Bd. 18</subfield><subfield code="w">(DE-Frei129)00209039</subfield><subfield code="9">218</subfield></datafield><datafield tag="852" ind1=" " ind2=" "><subfield code="a">Frei129</subfield><subfield code="c">Paed A 480: 78</subfield></datafield><datafield tag="856" ind1="4" ind2=" "><subfield code="8">00</subfield><subfield code="u">http://www.gbv.de/dms/greifswald/toc/63241913X.pdf</subfield><subfield code="y">Inhaltsverzeichnis</subfield></datafield><datafield tag="980" ind1="0" ind2=" "><subfield code="a">00214372</subfield><subfield code="9">(PHFR)</subfield><subfield code="b">EG-Anbau (32)</subfield><subfield code="c">Paed A 480: 78</subfield><subfield code="d">Standardleihe (01)</subfield><subfield code="e">Verfügbar (X)</subfield></datafield></record>