
<record><leader>02991nam a2200000uu 4500</leader><controlfield tag="001">01583145</controlfield><controlfield tag="003">DE-Frei129</controlfield><controlfield tag="005">20220811084056.0</controlfield><controlfield tag="007">tu</controlfield><controlfield tag="008">101005s2010    ||||||||||||||||||||ger||</controlfield><datafield tag="035" ind1=" " ind2=" "><subfield code="a">(DE-576)1400921279</subfield></datafield><datafield tag="041" ind1=" " ind2=" "><subfield code="a">ger</subfield></datafield><datafield tag="245" ind1="1" ind2="0"><subfield code="a">Bibeltexte kreativ bearbeiten und erschließen</subfield><subfield code="b">ein Beitrag des Katholischen RU zum Methodencurriculum der Schule; Klasse 5 - 10</subfield><subfield code="c">Christian Schuhmacher. [Mit Beitr. von Bernd Feininger ... Hrsg.: Institut für Religionspädagogik der Erzdiözese Freiburg]</subfield></datafield><datafield tag="260" ind1="3" ind2=" "><subfield code="a">Freiburg</subfield><subfield code="b">Institut für Religionspädagogik der Erzdiözese Freiburg</subfield><subfield code="c">2010</subfield></datafield><datafield tag="300" ind1=" " ind2=" "><subfield code="a">70 Seiten</subfield><subfield code="b">Ill.</subfield></datafield><datafield tag="490" ind1="0" ind2=" "><subfield code="a">IRP-Lernimpulse für den katholischen Religionsunterricht an Realschulen</subfield></datafield><datafield tag="500" ind1=" " ind2=" "><subfield code="a">Archivierung/Langzeitarchivierung gewährleistet</subfield></datafield><datafield tag="700" ind1="1" ind2=" "><subfield code="0">(DE-Frei129)00120651</subfield><subfield code="a">Schuhmacher, Christian</subfield><subfield code="4">Red.</subfield></datafield><datafield tag="700" ind1="1" ind2=" "><subfield code="0">(DE-588)128968826</subfield><subfield code="0">(DE-Frei129)00529808</subfield><subfield code="a">Feininger, Bernd</subfield><subfield code="4">oth</subfield></datafield><datafield tag="710" ind1="2" ind2=" "><subfield code="0">(DE-Frei129)00010399</subfield><subfield code="0">(DE-588)69090-9</subfield><subfield code="a">Institut für Religionspädagogik der Erzdiözese Freiburg</subfield><subfield code="4">oth</subfield></datafield><datafield tag="852" ind1=" " ind2=" "><subfield code="a">Frei 129</subfield><subfield code="b">PHFR</subfield><subfield code="c">BU 4100 S385</subfield></datafield><datafield tag="980" ind1="0" ind2=" "><subfield code="a">00213513</subfield><subfield code="9">(PHFR)</subfield><subfield code="b">UG (33)</subfield><subfield code="c">BU 4100 S385</subfield><subfield code="d">Standardleihe (01)</subfield><subfield code="e">Verfügbar (X)</subfield></datafield><datafield tag="980" ind1="0" ind2=" "><subfield code="a">00393827</subfield><subfield code="9">(PHFR)</subfield><subfield code="b">Handbibliothek (50)</subfield><subfield code="c">Theo U 450: 76</subfield><subfield code="d">Handbibliothek - nie verleihbar (54)</subfield><subfield code="e">Verfügbar (X)</subfield></datafield></record>