
<record><leader>04782nam a2200000uu 4500</leader><controlfield tag="001">01583133</controlfield><controlfield tag="003">DE-Frei129</controlfield><controlfield tag="005">20220811084056.0</controlfield><controlfield tag="007">tu</controlfield><controlfield tag="008">101004s2010    ||||||||||||||||||||ger||</controlfield><datafield tag="015" ind1=" " ind2=" "><subfield code="a">10,N29</subfield></datafield><datafield tag="016" ind1="7" ind2=" "><subfield code="a">1004368755</subfield><subfield code="2">DE-101</subfield></datafield><datafield tag="020" ind1=" " ind2=" "><subfield code="a">9783589247059</subfield><subfield code="9">978-3-589-24705-9</subfield><subfield code="c">EUR 25.95, sfr 45.90 (freier Pr.)</subfield></datafield><datafield tag="024" ind1="3" ind2=" "><subfield code="a">9783589247059</subfield></datafield><datafield tag="035" ind1=" " ind2=" "><subfield code="a">(DE-576)1605484083</subfield></datafield><datafield tag="041" ind1=" " ind2=" "><subfield code="a">ger</subfield></datafield><datafield tag="044" ind1=" " ind2=" "><subfield code="c">XA-DE-BE</subfield></datafield><datafield tag="100" ind1="1" ind2=" "><subfield code="a">Dinkmeyer, Don, Sr.</subfield><subfield code="0">(DE-Frei129)03002034</subfield></datafield><datafield tag="245" ind1="1" ind2="0"><subfield code="a">STEP - Das Buch für Erzieher/innen</subfield><subfield code="b">Kinder wertschätzend und kompetent erziehen</subfield><subfield code="c">Don Dinkmeyer Sr., Gary D. McKay, James S. Dinkmeyer, Don Dinkmeyer Jr. Überarb., adaptiert und hrsg. von Trudi Kühn ...</subfield></datafield><datafield tag="250" ind1=" " ind2=" "><subfield code="a">2., durchgesehene Aufl.</subfield></datafield><datafield tag="260" ind1="3" ind2=" "><subfield code="a">Berlin</subfield><subfield code="b">Cornelsen Verl. Scriptor</subfield><subfield code="c">2010</subfield></datafield><datafield tag="300" ind1=" " ind2=" "><subfield code="a">253  Seiten</subfield><subfield code="b">Ill.</subfield><subfield code="c">242 mm x 163 mm</subfield></datafield><datafield tag="490" ind1="0" ind2=" "><subfield code="a">Frühe Kindheit : Psychologie &amp; Soziologie</subfield></datafield><datafield tag="500" ind1=" " ind2=" "><subfield code="a">5090 maschinell aus ähnlichen Titelaufnahmen ergänzt</subfield></datafield><datafield tag="650" ind1=" " ind2="7"><subfield code="a">Vorschulerziehung</subfield><subfield code="0">(DE-Frei129)00025677</subfield><subfield code="0">(DE-588)4064016-4</subfield><subfield code="2">gnd</subfield></datafield><datafield tag="650" ind1=" " ind2="7"><subfield code="a">Erzieher</subfield><subfield code="0">(DE-Frei129)00007307</subfield><subfield code="0">(DE-588)4015479-8</subfield><subfield code="2">gnd</subfield></datafield><datafield tag="689" ind1="0" ind2="0"><subfield code="0">(DE-588)4064016-4</subfield><subfield code="D">s</subfield><subfield code="a">Vorschulerziehung </subfield></datafield><datafield tag="689" ind1="0" ind2="1"><subfield code="0">(DE-588)4015479-8</subfield><subfield code="D">s</subfield><subfield code="a">Erzieher</subfield><subfield code="5">DE-101</subfield></datafield><datafield tag="700" ind1="1" ind2=" "><subfield code="0">(DE-Frei129)00530522</subfield><subfield code="a">Dinkmeyer, James S.</subfield><subfield code="4">oth</subfield></datafield><datafield tag="700" ind1="1" ind2=" "><subfield code="0">(DE-588)1015335128</subfield><subfield code="0">(DE-Frei129)00167574</subfield><subfield code="a">Kühn, Trudi</subfield><subfield code="4">Hrsg.</subfield></datafield><datafield tag="730" ind1="0" ind2="2"><subfield code="a">Teaching and leading children</subfield><subfield code="l">ger</subfield></datafield><datafield tag="852" ind1=" " ind2=" "><subfield code="a">Frei129</subfield><subfield code="c">Paed G 940: 123</subfield></datafield><datafield tag="856" ind1="4" ind2=" "><subfield code="8">00</subfield><subfield code="u">http://swbplus.bsz-bw.de/bsz330868861cov.htm</subfield><subfield code="y">Umschlagbild</subfield></datafield><datafield tag="856" ind1="4" ind2=" "><subfield code="8">01</subfield><subfield code="u">http://swbplus.bsz-bw.de/bsz330868861inh.htm</subfield><subfield code="y">Inhaltsverzeichnis</subfield></datafield><datafield tag="856" ind1="4" ind2=" "><subfield code="8">02</subfield><subfield code="u">http://deposit.d-nb.de/cgi-bin/dokserv?id=3513292&amp;prov=M&amp;dok_var=1&amp;dok_ext=htm</subfield><subfield code="y">Inhaltstext</subfield></datafield><datafield tag="980" ind1="0" ind2=" "><subfield code="a">00211580</subfield><subfield code="9">(PHFR)</subfield><subfield code="b">EG-Anbau (32)</subfield><subfield code="c">Paed G 940: 123</subfield><subfield code="d">Standardleihe (01)</subfield><subfield code="e">Verfügbar (X)</subfield></datafield></record>