
<record><leader>04575nam a2200000uu 4500</leader><controlfield tag="001">01583001</controlfield><controlfield tag="003">DE-Frei129</controlfield><controlfield tag="005">20220811084056.0</controlfield><controlfield tag="007">tu</controlfield><controlfield tag="008">100914s2010    |||||||||m||||||||||ger||</controlfield><datafield tag="015" ind1=" " ind2=" "><subfield code="a">10,N27</subfield></datafield><datafield tag="016" ind1="7" ind2=" "><subfield code="a">1003882501</subfield><subfield code="2">DE-101</subfield></datafield><datafield tag="020" ind1=" " ind2=" "><subfield code="a">9783828823075</subfield><subfield code="9">9783828823075</subfield><subfield code="c">PB. : EUR 24.90, EUR 24.90 (AT), sfr 38.10 (freier Pr.)</subfield></datafield><datafield tag="024" ind1="3" ind2=" "><subfield code="a">9783828823075</subfield></datafield><datafield tag="035" ind1=" " ind2=" "><subfield code="a">(DE-576)1605152064</subfield></datafield><datafield tag="041" ind1=" " ind2=" "><subfield code="a">ger</subfield></datafield><datafield tag="044" ind1=" " ind2=" "><subfield code="c">XA-DE-HE</subfield></datafield><datafield tag="245" ind1="1" ind2="0"><subfield code="a">Prädiktoren der Schulleistung im Grundschulalter - unter besonderer Berücksichtigung von Intelligenztestdaten</subfield><subfield code="c">Claudia Angelika Gienger</subfield></datafield><datafield tag="260" ind1="3" ind2=" "><subfield code="a">Marburg</subfield><subfield code="b">Tectum-Verl.</subfield><subfield code="c">2010</subfield></datafield><datafield tag="300" ind1=" " ind2=" "><subfield code="a">155 Seiten</subfield><subfield code="b">graph. Darst.</subfield></datafield><datafield tag="500" ind1=" " ind2=" "><subfield code="a">Bremen</subfield></datafield><datafield tag="502" ind1=" " ind2=" "><subfield code="a">Zugl.: Bremen, Univ., Diss., 2009</subfield></datafield><datafield tag="648" ind1=" " ind2="7"><subfield code="a">Prognose</subfield><subfield code="0">(DE-Frei129)00000469</subfield><subfield code="2">local</subfield></datafield><datafield tag="650" ind1=" " ind2="7"><subfield code="a">Grundschulkind</subfield><subfield code="0">(DE-Frei129)00010252</subfield><subfield code="0">(DE-588)4022350-4</subfield><subfield code="2">gnd</subfield></datafield><datafield tag="650" ind1=" " ind2="7"><subfield code="a">Schulleistung</subfield><subfield code="0">(DE-Frei129)00032064</subfield><subfield code="0">(DE-588)4077201-9</subfield><subfield code="2">gnd</subfield></datafield><datafield tag="650" ind1=" " ind2="7"><subfield code="a">Prognose</subfield><subfield code="0">(DE-Frei129)00002896</subfield><subfield code="0">(DE-588)4047390-9</subfield><subfield code="2">gnd</subfield></datafield><datafield tag="650" ind1=" " ind2="7"><subfield code="a">Pädagogische Psychologie</subfield><subfield code="0">(DE-Frei129)00018451</subfield><subfield code="0">(DE-588)4044321-8</subfield><subfield code="2">gnd</subfield></datafield><datafield tag="689" ind1="0" ind2="0"><subfield code="0">(DE-588)4022350-4</subfield><subfield code="D">s</subfield><subfield code="a">Grundschulkind </subfield></datafield><datafield tag="689" ind1="0" ind2="1"><subfield code="0">(DE-588)4077201-9</subfield><subfield code="D">s</subfield><subfield code="a">Schulleistung </subfield></datafield><datafield tag="689" ind1="0" ind2="2"><subfield code="0">(DE-588)4047390-9</subfield><subfield code="D">s</subfield><subfield code="a">Prognose </subfield></datafield><datafield tag="689" ind1="0" ind2="3"><subfield code="0">(DE-588)4044321-8</subfield><subfield code="D">s</subfield><subfield code="a">Pädagogische Psychologie</subfield><subfield code="5">DE-101</subfield></datafield><datafield tag="700" ind1="1" ind2=" "><subfield code="0">(DE-Frei129)00530500</subfield><subfield code="a">Gienger, Claudia Angelika</subfield><subfield code="4">aut</subfield></datafield><datafield tag="852" ind1=" " ind2=" "><subfield code="a">Frei129</subfield><subfield code="c">Paed K 500: 41</subfield></datafield><datafield tag="856" ind1="4" ind2=" "><subfield code="8">00</subfield><subfield code="u">http://digitool.hbz-nrw.de:1801/webclient/DeliveryManager?pid=4058409&amp;custom_att_2=simple_viewer</subfield><subfield code="y">Inhaltsverzeichnis</subfield></datafield><datafield tag="980" ind1="0" ind2=" "><subfield code="a">00211643</subfield><subfield code="9">(PHFR)</subfield><subfield code="b">EG-Anbau (32)</subfield><subfield code="c">Paed K 500: 41</subfield><subfield code="d">Standardleihe (01)</subfield><subfield code="e">Verfügbar (X)</subfield></datafield></record>