
<record><leader>04957nam a2200000uu 4500</leader><controlfield tag="001">01582981</controlfield><controlfield tag="003">DE-Frei129</controlfield><controlfield tag="005">20220811084056.0</controlfield><controlfield tag="007">tu</controlfield><controlfield tag="008">100729s2010    ||||||||||||||||||||ger||</controlfield><datafield tag="015" ind1=" " ind2=" "><subfield code="a">10,A33</subfield></datafield><datafield tag="016" ind1="7" ind2=" "><subfield code="a">1004754566</subfield><subfield code="2">DE-101</subfield></datafield><datafield tag="020" ind1=" " ind2=" "><subfield code="a">9783801723408</subfield><subfield code="9">9783801723408</subfield><subfield code="c">KART. : EUR 16.95, sfr 24.90 (freier Pr.)</subfield></datafield><datafield tag="024" ind1="3" ind2=" "><subfield code="a">9783801723408</subfield></datafield><datafield tag="035" ind1=" " ind2=" "><subfield code="a">(DE-576)632419377</subfield></datafield><datafield tag="041" ind1=" " ind2=" "><subfield code="a">ger</subfield></datafield><datafield tag="044" ind1=" " ind2=" "><subfield code="c">XA-DE-NI</subfield><subfield code="c">XA-CH</subfield><subfield code="c">XA-AT</subfield></datafield><datafield tag="100" ind1="1" ind2=" "><subfield code="a">Schmidt-Traub, Sigrun</subfield><subfield code="0">(DE-Frei129)00048926</subfield><subfield code="0">(DE-588)108470741</subfield></datafield><datafield tag="245" ind1="1" ind2="0"><subfield code="a">Selbsthilfe bei Angst im Kindes- und Jugendalter</subfield><subfield code="b">ein Ratgeber für Kinder, Jugendliche, Eltern und Erzieher</subfield><subfield code="c">von Sigrun Schmidt-Traub</subfield></datafield><datafield tag="250" ind1=" " ind2=" "><subfield code="a">2., überarb. Aufl.</subfield></datafield><datafield tag="260" ind1="3" ind2=" "><subfield code="a">Göttingen ; Bern ; Wien [u.a.]</subfield><subfield code="b">Huber, Hans</subfield><subfield code="c">2010</subfield></datafield><datafield tag="300" ind1=" " ind2=" "><subfield code="a">142 Seiten</subfield><subfield code="b">Ill.</subfield><subfield code="c">207 mm x 133 mm</subfield></datafield><datafield tag="500" ind1=" " ind2=" "><subfield code="a">Literaturverz. S. [132]</subfield></datafield><datafield tag="500" ind1=" " ind2=" "><subfield code="a">IMD-Felder maschinell generiert (GBV)</subfield></datafield><datafield tag="650" ind1=" " ind2="7"><subfield code="a">Angstbewältigung</subfield><subfield code="0">(DE-Frei129)00078895</subfield><subfield code="0">(DE-588)4235839-5</subfield><subfield code="2">gnd</subfield></datafield><datafield tag="650" ind1=" " ind2="7"><subfield code="a">Kind</subfield><subfield code="0">(DE-Frei129)00001633</subfield><subfield code="0">(DE-588)4030550-8</subfield><subfield code="2">gnd</subfield></datafield><datafield tag="650" ind1=" " ind2="7"><subfield code="a">Jugend</subfield><subfield code="0">(DE-Frei129)00001631</subfield><subfield code="0">(DE-588)4028859-6</subfield><subfield code="2">gnd</subfield></datafield><datafield tag="650" ind1=" " ind2="7"><subfield code="a">Angstbewältigung</subfield><subfield code="0">(DE-Frei129)00078895</subfield><subfield code="0">(DE-588)4235839-5</subfield><subfield code="2">gnd</subfield></datafield><datafield tag="689" ind1="0" ind2="0"><subfield code="0">(DE-588)4030550-8</subfield><subfield code="D">s</subfield><subfield code="a">Kind </subfield></datafield><datafield tag="689" ind1="0" ind2="1"><subfield code="0">(DE-588)4028859-6</subfield><subfield code="D">s</subfield><subfield code="a">Jugend </subfield></datafield><datafield tag="689" ind1="0" ind2="2"><subfield code="0">(DE-588)4235839-5</subfield><subfield code="D">s</subfield><subfield code="a">Angstbewältigung</subfield><subfield code="5">DE-101</subfield></datafield><datafield tag="776" ind1="0" ind2="8"><subfield code="a">von Sigrun Schmidt-Traub</subfield><subfield code="i">Erscheint auch als Online-Ausgabe</subfield><subfield code="t">Selbsthilfe bei Angst im Kindes- und Jugendalter</subfield><subfield code="w">(DE-Frei129)03115365</subfield><subfield code="w">(DE-576)1653448652</subfield></datafield><datafield tag="852" ind1=" " ind2=" "><subfield code="a">Frei129</subfield><subfield code="c">Psy G 420: 56 a</subfield></datafield><datafield tag="856" ind1="4" ind2=" "><subfield code="8">00</subfield><subfield code="u">http://www.socialnet.de/rezensionen/isbn.php?isbn=978-3-8017-2340-8</subfield><subfield code="y">Rezension</subfield></datafield><datafield tag="856" ind1="4" ind2=" "><subfield code="8">01</subfield><subfield code="u">http://d-nb.info/1004754566/04</subfield><subfield code="y">Verlagsinformation</subfield></datafield><datafield tag="980" ind1="0" ind2=" "><subfield code="a">00211889</subfield><subfield code="9">(PHFR)</subfield><subfield code="b">EG-Anbau (32)</subfield><subfield code="c">Psy G 420: 56 a</subfield><subfield code="d">Standardleihe (01)</subfield><subfield code="e">Verfügbar (X)</subfield></datafield></record>