
<record><leader>03484nam a2200000uu 4500</leader><controlfield tag="001">01582782</controlfield><controlfield tag="003">DE-Frei129</controlfield><controlfield tag="005">20220811084056.0</controlfield><controlfield tag="007">tu</controlfield><controlfield tag="008">100615s2010    ||||||||||||||||||||eng||</controlfield><datafield tag="020" ind1=" " ind2=" "><subfield code="a">9780873536431</subfield><subfield code="9">9780873536431</subfield></datafield><datafield tag="035" ind1=" " ind2=" "><subfield code="a">(DE-576)628456379</subfield></datafield><datafield tag="041" ind1=" " ind2=" "><subfield code="a">eng</subfield></datafield><datafield tag="044" ind1=" " ind2=" "><subfield code="c">XD-US</subfield></datafield><datafield tag="245" ind1="1" ind2="0"><subfield code="a">Mathematics curriculum</subfield><subfield code="b">issues, trends, and future directions</subfield><subfield code="c">Barbara J. Reys, ed.; Robert E.  Reys, ed. ...</subfield></datafield><datafield tag="260" ind1="3" ind2=" "><subfield code="a">Reston, Va.</subfield><subfield code="b">NCTM, National Council of Teachers of Mathematics</subfield><subfield code="c">2010</subfield></datafield><datafield tag="300" ind1=" " ind2=" "><subfield code="a">XIV, 362 Seiten</subfield><subfield code="b">Ill., graph. Darst.</subfield><subfield code="e">1 CD-ROM (12 cm)</subfield></datafield><datafield tag="490" ind1="1" ind2=" "><subfield code="a">Yearbook / National Council of Teachers of Mathematics, NCTM </subfield><subfield code="v">72.2010</subfield></datafield><datafield tag="500" ind1=" " ind2=" "><subfield code="a">Literaturangaben</subfield></datafield><datafield tag="500" ind1=" " ind2=" "><subfield code="a">IMD-Felder maschinell generiert (GBV)</subfield></datafield><datafield tag="650" ind1=" " ind2="7"><subfield code="a">Mathematikunterricht</subfield><subfield code="0">(DE-Frei129)00016130</subfield><subfield code="0">(DE-588)4037949-8</subfield><subfield code="2">gnd</subfield></datafield><datafield tag="689" ind1="0" ind2="0"><subfield code="0">(DE-588)4037949-8</subfield><subfield code="D">s</subfield><subfield code="a">Mathematikunterricht</subfield><subfield code="5">DE-101</subfield></datafield><datafield tag="700" ind1="1" ind2=" "><subfield code="0">(DE-Frei129)00101461</subfield><subfield code="a">Reys, Barbara J.</subfield><subfield code="4">Hrsg.</subfield></datafield><datafield tag="700" ind1="1" ind2=" "><subfield code="0">(DE-Frei129)00045034</subfield><subfield code="a">Reys, Robert E.</subfield><subfield code="4">oth</subfield></datafield><datafield tag="710" ind1="2" ind2=" "><subfield code="0">(DE-Frei129)00001893</subfield><subfield code="0">(DE-588)75198-4</subfield><subfield code="a">National Council of Teachers of Mathematics</subfield><subfield code="4">oth</subfield></datafield><datafield tag="830" ind1=" " ind2="0"><subfield code="a">Yearbook</subfield><subfield code="v">72.2010</subfield><subfield code="w">(DE-Frei129)00079070</subfield><subfield code="9">272 42010</subfield></datafield><datafield tag="852" ind1=" " ind2=" "><subfield code="a">Frei129</subfield><subfield code="c">Math N 20: 37 ,2010</subfield></datafield><datafield tag="980" ind1="0" ind2=" "><subfield code="a">00232837</subfield><subfield code="9">(PHFR)</subfield><subfield code="b">UG (33)</subfield><subfield code="c">Math N 20: 37 ,2010</subfield><subfield code="d">Standardleihe (01)</subfield><subfield code="e">Verfügbar (X)</subfield></datafield></record>