
<record><leader>06391nam a2200000uu 4500</leader><controlfield tag="001">01582718</controlfield><controlfield tag="003">DE-Frei129</controlfield><controlfield tag="005">20220811084056.0</controlfield><controlfield tag="007">tu</controlfield><controlfield tag="008">100210s2010    ||||||||||||||||||||ger||</controlfield><datafield tag="015" ind1=" " ind2=" "><subfield code="a">10,N06</subfield></datafield><datafield tag="016" ind1="7" ind2=" "><subfield code="a">999978357</subfield><subfield code="2">DE-101</subfield></datafield><datafield tag="020" ind1=" " ind2=" "><subfield code="a">9783631602218</subfield><subfield code="9">9783631602218</subfield><subfield code="c">GB. : EUR 19.80</subfield></datafield><datafield tag="024" ind1="3" ind2=" "><subfield code="a">9783631602218</subfield></datafield><datafield tag="035" ind1=" " ind2=" "><subfield code="a">(DE-576)61835123X</subfield></datafield><datafield tag="041" ind1=" " ind2=" "><subfield code="a">ger</subfield></datafield><datafield tag="044" ind1=" " ind2=" "><subfield code="c">XA-DE-HE</subfield><subfield code="c">XA-CH</subfield><subfield code="c">XA-BE</subfield></datafield><datafield tag="245" ind1="1" ind2="4"><subfield code="a">Die Ästhetik des Stillstands</subfield><subfield code="b">Anti-Entwicklungstexte im Literaturunterricht</subfield><subfield code="c">Markus Schwahl</subfield></datafield><datafield tag="250" ind1=" " ind2=" "><subfield code="a">1. Aufl.</subfield></datafield><datafield tag="260" ind1="3" ind2=" "><subfield code="a">Frankfurt am Main [u.a.]</subfield><subfield code="b">Lang</subfield><subfield code="c">2010</subfield></datafield><datafield tag="300" ind1=" " ind2=" "><subfield code="a">109 Seiten</subfield><subfield code="c">210 mm x 148 mm</subfield></datafield><datafield tag="490" ind1="1" ind2=" "><subfield code="a">Beiträge zur Literatur- und Mediendidaktik </subfield><subfield code="v">19</subfield></datafield><datafield tag="500" ind1=" " ind2=" "><subfield code="a">Literaturverz. S. 104 - 109</subfield></datafield><datafield tag="500" ind1=" " ind2=" "><subfield code="a">IMD-Felder maschinell generiert (GBV)</subfield></datafield><datafield tag="501" ind1=" " ind2=" "><subfield code="a">Vorwort -- Anti-Entwicklungsliteratur als literarischer und didaktischer Sonderfall -- Figuren der Entwicklungsverweigerung im Literaturunterricht : ein kompetenzorientiertes Unterrichtsmodell für die Sekundarstufe II -- Anhang.</subfield></datafield><datafield tag="648" ind1=" " ind2="7"><subfield code="a">Germany</subfield><subfield code="0">(DE-Frei129)14259060</subfield><subfield code="2">local</subfield></datafield><datafield tag="650" ind1=" " ind2="7"><subfield code="a">Antiheld</subfield><subfield code="0">(DE-Frei129)00437713</subfield><subfield code="0">(DE-588)4142672-1</subfield><subfield code="2">gnd</subfield></datafield><datafield tag="650" ind1=" " ind2="7"><subfield code="a">Literaturunterricht</subfield><subfield code="0">(DE-Frei129)00015523</subfield><subfield code="0">(DE-588)4036032-5</subfield><subfield code="2">gnd</subfield></datafield><datafield tag="650" ind1=" " ind2="7"><subfield code="a">Entwicklungsroman</subfield><subfield code="0">(DE-Frei129)00007069</subfield><subfield code="0">(DE-588)4014965-1</subfield><subfield code="2">gnd</subfield></datafield><datafield tag="650" ind1=" " ind2="7"><subfield code="a">Antiheld</subfield><subfield code="0">(DE-Frei129)00437713</subfield><subfield code="0">(DE-588)4142672-1</subfield><subfield code="2">gnd</subfield></datafield><datafield tag="650" ind1=" " ind2="7"><subfield code="a">Adulthood in literature</subfield><subfield code="x">Study and teaching (Secondary)</subfield><subfield code="0">(DE-Frei129)14331196</subfield><subfield code="2">local</subfield></datafield><datafield tag="650" ind1=" " ind2="7"><subfield code="a">Child psychology in literature</subfield><subfield code="x">Study and teaching (Secondary)</subfield><subfield code="0">(DE-Frei129)14331197</subfield><subfield code="2">local</subfield></datafield><datafield tag="689" ind1="0" ind2="0"><subfield code="0">(DE-588)4036032-5</subfield><subfield code="D">s</subfield><subfield code="a">Literaturunterricht </subfield></datafield><datafield tag="689" ind1="0" ind2="1"><subfield code="0">(DE-588)4014965-1</subfield><subfield code="D">s</subfield><subfield code="a">Entwicklungsroman </subfield></datafield><datafield tag="689" ind1="0" ind2="2"><subfield code="0">(DE-588)4142672-1</subfield><subfield code="D">s</subfield><subfield code="a">Antiheld</subfield><subfield code="5">DE-101</subfield></datafield><datafield tag="689" ind1="1" ind2="0"><subfield code="A">s</subfield><subfield code="a">Adulthood in literature / Study and teaching (Secondary) </subfield></datafield><datafield tag="689" ind1="1" ind2="1"><subfield code="A">s</subfield><subfield code="a">Germany</subfield><subfield code="5">DE-101</subfield></datafield><datafield tag="689" ind1="2" ind2="0"><subfield code="A">s</subfield><subfield code="a">Child psychology in literature / Study and teaching (Secondary) </subfield></datafield><datafield tag="689" ind1="2" ind2="1"><subfield code="A">s</subfield><subfield code="a">Germany</subfield><subfield code="5">DE-101</subfield></datafield><datafield tag="700" ind1="1" ind2=" "><subfield code="0">(DE-588)123123151</subfield><subfield code="0">(DE-Frei129)00525995</subfield><subfield code="a">Schwahl, Markus</subfield><subfield code="4">aut</subfield></datafield><datafield tag="830" ind1=" " ind2="0"><subfield code="a">Beiträge zur Literatur- und Mediendidaktik</subfield><subfield code="v">19</subfield><subfield code="w">(DE-Frei129)00240174</subfield><subfield code="9">219</subfield></datafield><datafield tag="852" ind1=" " ind2=" "><subfield code="a">Frei 129</subfield><subfield code="b">PHFR</subfield><subfield code="c">GB 2978 S398 A2</subfield></datafield><datafield tag="856" ind1="4" ind2=" "><subfield code="8">00</subfield><subfield code="u">http://d-nb.info/999978357/04</subfield><subfield code="y">Inhaltsverzeichnis</subfield></datafield><datafield tag="980" ind1="0" ind2=" "><subfield code="a">00213280</subfield><subfield code="9">(PHFR)</subfield><subfield code="b">2.OG (35)</subfield><subfield code="c">GB 2978 S398 A2</subfield><subfield code="d">Standardleihe (01)</subfield><subfield code="e">Verfügbar (X)</subfield></datafield></record>