
<record><leader>03097nam a2200000uu 4500</leader><controlfield tag="001">01582688</controlfield><controlfield tag="003">DE-Frei129</controlfield><controlfield tag="005">20220811084056.0</controlfield><controlfield tag="007">tu</controlfield><controlfield tag="008">100721s2010    ||||||||||||||||||||eng||</controlfield><datafield tag="020" ind1=" " ind2=" "><subfield code="a">023023254X</subfield><subfield code="9">023023254X</subfield><subfield code="c">(hbk.) : £50.00</subfield></datafield><datafield tag="020" ind1=" " ind2=" "><subfield code="a">9780230232549</subfield><subfield code="9">9780230232549</subfield><subfield code="c">(hbk.) : £50.00</subfield></datafield><datafield tag="035" ind1=" " ind2=" "><subfield code="a">(DE-576)1604215038</subfield></datafield><datafield tag="041" ind1=" " ind2=" "><subfield code="a">eng</subfield></datafield><datafield tag="245" ind1="1" ind2="0"><subfield code="a">Conceptualising &apos;learning&apos; in applied linguistics</subfield><subfield code="c">ed. by Paul Seedhouse...</subfield></datafield><datafield tag="260" ind1="3" ind2=" "><subfield code="a">Basingstoke [u.a.]</subfield><subfield code="b">Palgrave Macmillan</subfield><subfield code="c">2010</subfield></datafield><datafield tag="300" ind1=" " ind2=" "><subfield code="a">XIV, 291  Seiten</subfield><subfield code="b">graph. Darst.</subfield><subfield code="c">23 cm</subfield></datafield><datafield tag="650" ind1=" " ind2="7"><subfield code="a">Language and languages</subfield><subfield code="0">(DE-Frei129)00237272</subfield><subfield code="2">local</subfield></datafield><datafield tag="650" ind1=" " ind2="7"><subfield code="a">Study and teaching</subfield><subfield code="0">(DE-Frei129)00237273</subfield><subfield code="2">local</subfield></datafield><datafield tag="650" ind1=" " ind2="7"><subfield code="a">Learning, Psychology of</subfield><subfield code="0">(DE-Frei129)00241122</subfield><subfield code="2">local</subfield></datafield><datafield tag="689" ind1="0" ind2="0"><subfield code="A">s</subfield><subfield code="a">Language and languages </subfield></datafield><datafield tag="689" ind1="0" ind2="1"><subfield code="A">s</subfield><subfield code="a">Study and teaching</subfield><subfield code="5">DE-101</subfield></datafield><datafield tag="689" ind1="1" ind2="0"><subfield code="A">s</subfield><subfield code="a">Learning, Psychology of</subfield><subfield code="5">DE-101</subfield></datafield><datafield tag="700" ind1="1" ind2=" "><subfield code="0">(DE-Frei129)00145103</subfield><subfield code="a">Seedhouse, Paul</subfield><subfield code="4">Hrsg.</subfield></datafield><datafield tag="852" ind1=" " ind2=" "><subfield code="a">Frei 129</subfield><subfield code="b">PHFR</subfield><subfield code="c">ER 925 S451</subfield></datafield><datafield tag="980" ind1="0" ind2=" "><subfield code="a">00209880</subfield><subfield code="9">(PHFR)</subfield><subfield code="b">2.OG (35)</subfield><subfield code="c">ER 925 S451</subfield><subfield code="d">Standardleihe (01)</subfield><subfield code="e">Verfügbar (X)</subfield></datafield></record>