
<record><leader>03592nam a2200000uu 4500</leader><controlfield tag="001">01582624</controlfield><controlfield tag="003">DE-Frei129</controlfield><controlfield tag="005">20220811084056.0</controlfield><controlfield tag="007">tu</controlfield><controlfield tag="008">100708s2010    ||||||||||||||||||||ger||</controlfield><datafield tag="015" ind1=" " ind2=" "><subfield code="a">10,B19</subfield></datafield><datafield tag="016" ind1="7" ind2=" "><subfield code="a">100042782X</subfield><subfield code="2">DE-101</subfield></datafield><datafield tag="020" ind1=" " ind2=" "><subfield code="a">9783830808671</subfield><subfield code="9">978-3-8308-0867-1</subfield><subfield code="c">geh. : EUR 9.00</subfield></datafield><datafield tag="024" ind1="8" ind2=" "><subfield code="a">Best.-Nr. 3900</subfield></datafield><datafield tag="035" ind1=" " ind2=" "><subfield code="a">(DE-576)1603982604</subfield></datafield><datafield tag="041" ind1=" " ind2=" "><subfield code="a">ger</subfield></datafield><datafield tag="044" ind1=" " ind2=" "><subfield code="c">XA-DE</subfield></datafield><datafield tag="245" ind1="1" ind2="0"><subfield code="a">Expedition Haushalt</subfield><subfield code="b">Alltagskompetenzen für Kinder</subfield><subfield code="c">[hrsg. vom AID-Infodienst Ernährung, Landwirtschaft, Verbraucherschutz e.V. Text: Olivia Pavlik ...]</subfield></datafield><datafield tag="260" ind1="3" ind2=" "><subfield code="a">Bonn</subfield><subfield code="b">AID</subfield><subfield code="c">2010 2010</subfield></datafield><datafield tag="300" ind1=" " ind2=" "><subfield code="a">61  Seiten</subfield><subfield code="b">Ill.</subfield><subfield code="c">30 cm</subfield><subfield code="e">1 CD-ROM</subfield></datafield><datafield tag="490" ind1="1" ind2=" "><subfield code="a">AID </subfield><subfield code="v">3900</subfield></datafield><datafield tag="500" ind1=" " ind2=" "><subfield code="a">IMD-Felder und 1131 maschinell ergänzt</subfield></datafield><datafield tag="500" ind1=" " ind2=" "><subfield code="a">Systemvoraussetzungen: PC mit Pentium-3-Prozessor 500 MHz; Windows 98, 2000, XP, Vista, Mac OS; 128 MB Arbeitsspeicher (RAM); 12-fach-CD-ROM-Laufwerk; Bildschirmauflösung 800 x 600; 16-Bit-Grafikkarte (Highcolor)</subfield></datafield><datafield tag="830" ind1=" " ind2="0"><subfield code="a">AID</subfield><subfield code="v">3900</subfield><subfield code="w">(DE-Frei129)00083851</subfield><subfield code="9">43900</subfield></datafield><datafield tag="852" ind1=" " ind2=" "><subfield code="a">Frei 129</subfield><subfield code="b">PHFR</subfield><subfield code="c">ZE 70000 E96</subfield></datafield><datafield tag="980" ind1="0" ind2=" "><subfield code="a">00213932</subfield><subfield code="9">(PHFR)</subfield><subfield code="b">3.OG (37)</subfield><subfield code="c">ZE 70000 E96</subfield><subfield code="d">Standardleihe (01)</subfield><subfield code="e">Verfügbar (X)</subfield></datafield><datafield tag="980" ind1="0" ind2=" "><subfield code="a">00341210</subfield><subfield code="9">(PHFR)</subfield><subfield code="b">Handbibliothek (50)</subfield><subfield code="c">HTW A 180: 7</subfield><subfield code="d">Handbibliothek - nie verleihbar (54)</subfield><subfield code="e">Verfügbar (X)</subfield></datafield><datafield tag="980" ind1="0" ind2=" "><subfield code="a">00341211</subfield><subfield code="9">(PHFR)</subfield><subfield code="b">Handbibliothek (50)</subfield><subfield code="c">HTW A 180: 7 a</subfield><subfield code="d">Handbibliothek - nie verleihbar (54)</subfield><subfield code="e">Verfügbar (X)</subfield></datafield></record>