
<record><leader>02622nam a2200000uuc4500</leader><controlfield tag="001">01581994</controlfield><controlfield tag="003">DE-Frei129</controlfield><controlfield tag="005">20220811084056.0</controlfield><controlfield tag="007">tu</controlfield><controlfield tag="008">100406s2010    |||||||||||||||||||||||||</controlfield><datafield tag="020" ind1=" " ind2=" "><subfield code="a">9783193115782</subfield><subfield code="9">9783193115782</subfield></datafield><datafield tag="035" ind1=" " ind2=" "><subfield code="a">(DE-576)1391528492</subfield></datafield><datafield tag="245" ind1="1" ind2="0"><subfield code="a">Planetino</subfield><subfield code="b">Deutsch für Kinder</subfield><subfield code="n">2, A1, Arbeitsbuch</subfield><subfield code="p">Arbeitsbuch A1 ; 2 / Gabriele Kopp ; Siegfried Büttner ; Josef Alberti</subfield><subfield code="c">Gabriele Kopp, Siegfried Bütner, Josef Alberti</subfield></datafield><datafield tag="250" ind1=" " ind2=" "><subfield code="a">1. Aufl.</subfield></datafield><datafield tag="260" ind1="3" ind2=" "><subfield code="a">Ismaning</subfield><subfield code="b">Hüber</subfield><subfield code="c">2010</subfield></datafield><datafield tag="300" ind1=" " ind2=" "><subfield code="a">115 Seiten</subfield><subfield code="b">Ill.</subfield></datafield><datafield tag="500" ind1=" " ind2=" "><subfield code="a">Hier auch später erschienene, unveränderte Nachdrucke</subfield></datafield><datafield tag="700" ind1="1" ind2=" "><subfield code="0">(DE-Frei129)00030237</subfield><subfield code="a">Kopp, Gabriele</subfield><subfield code="4">oth</subfield></datafield><datafield tag="700" ind1="1" ind2=" "><subfield code="0">(DE-Frei129)00324640</subfield><subfield code="a">Büttner, Siegfried</subfield><subfield code="4">oth</subfield></datafield><datafield tag="700" ind1="1" ind2=" "><subfield code="0">(DE-Frei129)00528342</subfield><subfield code="a">Alberti, Josef</subfield><subfield code="4">oth</subfield></datafield><datafield tag="773" ind1="0" ind2="8"><subfield code="w">(DE-Frei129)01579349</subfield><subfield code="q">12A1ARB.2010</subfield></datafield><datafield tag="852" ind1=" " ind2=" "><subfield code="a">Frei 129</subfield><subfield code="b">PHFR</subfield><subfield code="c">GB 3044 P712 A -2</subfield></datafield><datafield tag="980" ind1="0" ind2=" "><subfield code="a">00423606</subfield><subfield code="9">(PHFR)</subfield><subfield code="b">Handbibliothek (50)</subfield><subfield code="c">Deu S 110: 49 A,2</subfield><subfield code="d">Handbibliothek - nie verleihbar (54)</subfield><subfield code="e">Verfügbar (X)</subfield></datafield></record>