
<record><leader>04930nam a2200000uu 4500</leader><controlfield tag="001">01581934</controlfield><controlfield tag="003">DE-Frei129</controlfield><controlfield tag="005">20220811084056.0</controlfield><controlfield tag="007">tu</controlfield><controlfield tag="008">100310s2010    ||||||||||||||||||||ger||</controlfield><datafield tag="016" ind1="7" ind2=" "><subfield code="a">1000499693</subfield><subfield code="2">DE-101</subfield></datafield><datafield tag="020" ind1=" " ind2=" "><subfield code="a">9783788303624</subfield><subfield code="9">9783788303624</subfield><subfield code="c">PB. : EUR 18.00</subfield></datafield><datafield tag="035" ind1=" " ind2=" "><subfield code="a">(DE-576)620826525</subfield></datafield><datafield tag="041" ind1=" " ind2=" "><subfield code="a">ger</subfield></datafield><datafield tag="044" ind1=" " ind2=" "><subfield code="c">XA-DE-BW</subfield></datafield><datafield tag="100" ind1="1" ind2=" "><subfield code="a">Jüdt, Norbert</subfield><subfield code="0">(DE-Frei129)00768965</subfield><subfield code="0">(DE-588)1032833602</subfield></datafield><datafield tag="245" ind1="1" ind2="0"><subfield code="a">Kunstbetrachtung als Ausgangspunkt für Ästhetische Bildung im Fächerverbund &quot;Musik-Sport-Gestalten&quot; (MSG)</subfield><subfield code="b">an sechs Beispielen aus der Mappe &quot;Meisterwerke der Kunst&quot; Nr. 41/1983, Thema &quot;Farbe&quot;. Sonderdruck aus PMP Klasse 5 bis 10.</subfield><subfield code="c">Norbert Jüdt</subfield></datafield><datafield tag="250" ind1=" " ind2=" "><subfield code="a">Sonderdruck</subfield></datafield><datafield tag="260" ind1="3" ind2=" "><subfield code="a">Villingen-Schwenningen</subfield><subfield code="b">Neckar-Verl.</subfield><subfield code="c">2010</subfield></datafield><datafield tag="300" ind1=" " ind2=" "><subfield code="a">80 Seiten</subfield><subfield code="b">zahlr. schw.-w. Abb</subfield><subfield code="c">297 mm x 210 mm, 217 gr.</subfield></datafield><datafield tag="500" ind1=" " ind2=" "><subfield code="a">aus PMP, Planung, Materialien, Praxis. Klasse 5 bis 10, 19. Lfg. I/2010</subfield></datafield><datafield tag="500" ind1=" " ind2=" "><subfield code="a">IMD-Felder maschinell generiert (GBV)</subfield></datafield><datafield tag="500" ind1=" " ind2=" "><subfield code="a">Archivierung/Langzeitarchivierung gewährleistet</subfield></datafield><datafield tag="648" ind1=" " ind2="7"><subfield code="a">Geschichte</subfield><subfield code="0">(DE-Frei129)00000468</subfield><subfield code="2">local</subfield></datafield><datafield tag="650" ind1=" " ind2="7"><subfield code="a">Farbe</subfield><subfield code="0">(DE-Frei129)00007830</subfield><subfield code="0">(DE-588)4016443-3</subfield><subfield code="2">gnd</subfield></datafield><datafield tag="650" ind1=" " ind2="7"><subfield code="a">Kunst</subfield><subfield code="0">(DE-Frei129)00014040</subfield><subfield code="0">(DE-588)4114333-4</subfield><subfield code="2">gnd</subfield></datafield><datafield tag="650" ind1=" " ind2="7"><subfield code="a">Kunsterziehung</subfield><subfield code="0">(DE-Frei129)00014555</subfield><subfield code="0">(DE-588)4033637-2</subfield><subfield code="2">gnd</subfield></datafield><datafield tag="650" ind1=" " ind2="7"><subfield code="a">Sekundarstufe 1</subfield><subfield code="0">(DE-Frei129)00021625</subfield><subfield code="0">(DE-588)4054365-1</subfield><subfield code="2">gnd</subfield></datafield><datafield tag="689" ind1="0" ind2="0"><subfield code="0">(DE-588)4016443-3</subfield><subfield code="D">s</subfield><subfield code="a">Farbe </subfield></datafield><datafield tag="689" ind1="0" ind2="1"><subfield code="0">(DE-588)4114333-4</subfield><subfield code="D">s</subfield><subfield code="a">Kunst </subfield></datafield><datafield tag="689" ind1="0" ind2="2"><subfield code="A">s</subfield><subfield code="a">Geschichte </subfield></datafield><datafield tag="689" ind1="0" ind2="3"><subfield code="0">(DE-588)4033637-2</subfield><subfield code="D">s</subfield><subfield code="a">Kunsterziehung </subfield></datafield><datafield tag="689" ind1="0" ind2="4"><subfield code="0">(DE-588)4054365-1</subfield><subfield code="D">s</subfield><subfield code="a">Sekundarstufe 1</subfield><subfield code="5">DE-101</subfield></datafield><datafield tag="852" ind1=" " ind2=" "><subfield code="a">Frei 129</subfield><subfield code="b">PHFR</subfield><subfield code="c">LH 61260 J93</subfield></datafield><datafield tag="856" ind1="4" ind2=" "><subfield code="8">00</subfield><subfield code="u">http://d-nb.info/1000499693/04</subfield><subfield code="y">Inhaltsverzeichnis</subfield></datafield><datafield tag="980" ind1="0" ind2=" "><subfield code="a">00233545</subfield><subfield code="9">(PHFR)</subfield><subfield code="b">2.OG (35)</subfield><subfield code="c">LH 61260 J93</subfield><subfield code="d">Standardleihe (01)</subfield><subfield code="e">Verfügbar (X)</subfield></datafield></record>