
<record><leader>08044nam a2200000uu 4500</leader><controlfield tag="001">01581852</controlfield><controlfield tag="003">DE-Frei129</controlfield><controlfield tag="005">20220811084057.0</controlfield><controlfield tag="007">tu</controlfield><controlfield tag="008">091208s2010    ||||||||||||||||||||eng||</controlfield><datafield tag="020" ind1=" " ind2=" "><subfield code="a">9780465014910</subfield><subfield code="9">9780465014910</subfield><subfield code="c">hbk : USD 26.95 (alk. paper)</subfield></datafield><datafield tag="024" ind1="3" ind2=" "><subfield code="a">9780465014910</subfield></datafield><datafield tag="035" ind1=" " ind2=" "><subfield code="a">(DE-576)614517362</subfield></datafield><datafield tag="041" ind1=" " ind2=" "><subfield code="a">eng</subfield></datafield><datafield tag="044" ind1=" " ind2=" "><subfield code="c">XD-US</subfield></datafield><datafield tag="100" ind1="1" ind2=" "><subfield code="a">Ravitch, Diane</subfield><subfield code="0">(DE-Frei129)00044271</subfield><subfield code="0">(DE-588)138088489</subfield></datafield><datafield tag="245" ind1="1" ind2="4"><subfield code="a">The death and life of the great American school system</subfield><subfield code="b">how testing and choice are undermining education</subfield><subfield code="c">Diane Ravitch</subfield></datafield><datafield tag="246" ind1="1" ind2="0"><subfield code="a">American school system : how testing and choice are undermining education</subfield></datafield><datafield tag="260" ind1="3" ind2=" "><subfield code="a">New York, NY</subfield><subfield code="b">Basic Books</subfield><subfield code="c">c2010</subfield></datafield><datafield tag="300" ind1=" " ind2=" "><subfield code="a">X, 283 Seiten</subfield><subfield code="c">25 cm</subfield></datafield><datafield tag="500" ind1=" " ind2=" "><subfield code="a">Includes bibliographical references (p. 243 - 271) and index</subfield></datafield><datafield tag="500" ind1=" " ind2=" "><subfield code="a">IMD-Felder maschinell generiert (GBV)</subfield></datafield><datafield tag="501" ind1=" " ind2=" "><subfield code="a">What I learned about school reform -- Hijacked!: how the standards movement turned into the testing movement -- The transformation of district -- Lessons from San Diego -- The business model in New York City -- NCLB: measure and punish -- Choice: the story of an idea -- The trouble with accountability -- What would Mrs. Ratliff do? -- The billionaire boys&apos; club -- Lessons learned.</subfield></datafield><datafield tag="520" ind1=" " ind2=" "><subfield code="a">What I learned about school reform -- Hijacked!: how the standards movement turned into the testing movement -- The transformation of district -- Lessons from San Diego -- The business model in New York City -- NCLB: measure and punish -- Choice: the story of an idea -- The trouble with accountability -- What would Mrs. Ratliff do? -- The billionaire boys&apos; club -- Lessons learned</subfield></datafield><datafield tag="648" ind1=" " ind2="7"><subfield code="a">United States</subfield><subfield code="0">(DE-Frei129)02387756</subfield><subfield code="2">local</subfield></datafield><datafield tag="650" ind1=" " ind2="7"><subfield code="a">Public schools</subfield><subfield code="0">(DE-Frei129)14325605</subfield><subfield code="2">local</subfield></datafield><datafield tag="650" ind1=" " ind2="7"><subfield code="a">Educational accountability</subfield><subfield code="0">(DE-Frei129)14320939</subfield><subfield code="2">local</subfield></datafield><datafield tag="650" ind1=" " ind2="7"><subfield code="a">Educational tests and measurements</subfield><subfield code="0">(DE-Frei129)00275372</subfield><subfield code="2">local</subfield></datafield><datafield tag="650" ind1=" " ind2="7"><subfield code="a">School choice</subfield><subfield code="0">(DE-Frei129)14279192</subfield><subfield code="2">local</subfield></datafield><datafield tag="650" ind1=" " ind2="7"><subfield code="a">Öffentliche Schule</subfield><subfield code="0">(DE-Frei129)00036956</subfield><subfield code="0">(DE-588)4115434-4</subfield><subfield code="2">gnd</subfield></datafield><datafield tag="650" ind1=" " ind2="7"><subfield code="a">Bildungssystem</subfield><subfield code="0">(DE-Frei129)00003928</subfield><subfield code="0">(DE-588)4069467-7</subfield><subfield code="2">gnd</subfield></datafield><datafield tag="651" ind1=" " ind2="7"><subfield code="a">USA</subfield><subfield code="0">(DE-Frei129)00031006</subfield><subfield code="0">(DE-588)4078704-7</subfield><subfield code="2">gnd</subfield></datafield><datafield tag="689" ind1="0" ind2="0"><subfield code="A">s</subfield><subfield code="a">Public schools </subfield></datafield><datafield tag="689" ind1="0" ind2="1"><subfield code="A">s</subfield><subfield code="a">United States</subfield><subfield code="5">DE-101</subfield></datafield><datafield tag="689" ind1="1" ind2="0"><subfield code="A">s</subfield><subfield code="a">Educational accountability </subfield></datafield><datafield tag="689" ind1="1" ind2="1"><subfield code="A">s</subfield><subfield code="a">United States</subfield><subfield code="5">DE-101</subfield></datafield><datafield tag="689" ind1="2" ind2="0"><subfield code="A">s</subfield><subfield code="a">Educational tests and measurements </subfield></datafield><datafield tag="689" ind1="2" ind2="1"><subfield code="A">s</subfield><subfield code="a">United States</subfield><subfield code="5">DE-101</subfield></datafield><datafield tag="689" ind1="3" ind2="0"><subfield code="A">s</subfield><subfield code="a">School choice </subfield></datafield><datafield tag="689" ind1="3" ind2="1"><subfield code="A">s</subfield><subfield code="a">United States</subfield><subfield code="5">DE-101</subfield></datafield><datafield tag="689" ind1="4" ind2="0"><subfield code="0">(DE-588)4078704-7</subfield><subfield code="D">g</subfield><subfield code="a">USA </subfield></datafield><datafield tag="689" ind1="4" ind2="1"><subfield code="0">(DE-588)4115434-4</subfield><subfield code="D">s</subfield><subfield code="a">Öffentliche Schule </subfield></datafield><datafield tag="689" ind1="4" ind2="2"><subfield code="0">(DE-588)4069467-7</subfield><subfield code="D">s</subfield><subfield code="a">Bildungssystem</subfield><subfield code="5">DE-101</subfield></datafield><datafield tag="689" ind1="5" ind2="0"><subfield code="0">(DE-588)4078704-7</subfield><subfield code="D">g</subfield><subfield code="a">USA </subfield></datafield><datafield tag="689" ind1="5" ind2="1"><subfield code="0">(DE-588)4115434-4</subfield><subfield code="D">s</subfield><subfield code="a">Öffentliche Schule </subfield></datafield><datafield tag="689" ind1="5" ind2="2"><subfield code="0">(DE-588)4069467-7</subfield><subfield code="D">s</subfield><subfield code="a">Bildungssystem</subfield><subfield code="5">DE-101</subfield></datafield><datafield tag="852" ind1=" " ind2=" "><subfield code="a">Frei129</subfield><subfield code="c">Paed E 650: 53</subfield></datafield><datafield tag="856" ind1="4" ind2=" "><subfield code="8">00</subfield><subfield code="u">http://external.dandelon.com/download/attachments/dandelon/ids/DE00449A012824F6A8C9EC1257A71003E8DB1.pdf</subfield><subfield code="y">Inhaltsverzeichnis</subfield></datafield><datafield tag="856" ind1="4" ind2=" "><subfield code="8">01</subfield><subfield code="u">https://external.dandelon.com/download/attachments/dandelon/ids/DE00449A012824F6A8C9EC1257A71003E8DB1.pdf</subfield><subfield code="y">Verlagsinformation</subfield></datafield><datafield tag="856" ind1="4" ind2=" "><subfield code="8">02</subfield><subfield code="u">http://www.gbv.de/dms/bowker/toc/9780465014910.pdf</subfield><subfield code="y">Inhaltsverzeichnis</subfield></datafield><datafield tag="980" ind1="0" ind2=" "><subfield code="a">00214660</subfield><subfield code="9">(PHFR)</subfield><subfield code="b">EG-Anbau (32)</subfield><subfield code="c">Paed E 650: 53</subfield><subfield code="d">Standardleihe (01)</subfield><subfield code="e">Verfügbar (X)</subfield></datafield></record>