
<record><leader>06618nam a2200000uu 4500</leader><controlfield tag="001">01581809</controlfield><controlfield tag="003">DE-Frei129</controlfield><controlfield tag="005">20220811084057.0</controlfield><controlfield tag="007">tu</controlfield><controlfield tag="008">090609s2010    ||||||||||||||||||||eng||</controlfield><datafield tag="020" ind1=" " ind2=" "><subfield code="a">9781848728271</subfield><subfield code="9">9781848728271</subfield></datafield><datafield tag="024" ind1="3" ind2=" "><subfield code="a">9781848728271</subfield></datafield><datafield tag="035" ind1=" " ind2=" "><subfield code="a">(DE-576)601364376</subfield></datafield><datafield tag="041" ind1=" " ind2=" "><subfield code="a">eng</subfield></datafield><datafield tag="044" ind1=" " ind2=" "><subfield code="c">XD-US</subfield><subfield code="c">XA-GB</subfield></datafield><datafield tag="100" ind1="1" ind2=" "><subfield code="a">Nickerson, Raymond S.</subfield><subfield code="0">(DE-Frei129)58846139</subfield><subfield code="0">(DE-588)1053145373</subfield></datafield><datafield tag="245" ind1="1" ind2="0"><subfield code="a">Mathematical reasoning</subfield><subfield code="b">patterns, problems, conjectures, and proofs</subfield><subfield code="c">Raymond S. Nickerson</subfield></datafield><datafield tag="260" ind1="3" ind2=" "><subfield code="a">New York [u.a.]</subfield><subfield code="b">Psychology Press</subfield><subfield code="c">2010</subfield></datafield><datafield tag="300" ind1=" " ind2=" "><subfield code="a">XI, 583 Seiten</subfield><subfield code="b">Ill.</subfield></datafield><datafield tag="500" ind1=" " ind2=" "><subfield code="a">Includes bibliographical references and index</subfield></datafield><datafield tag="500" ind1=" " ind2=" "><subfield code="a">IMD-Felder maschinell generiert (GBV)</subfield></datafield><datafield tag="501" ind1=" " ind2=" "><subfield code="a">What is mathematics? -- Counting -- Numbers -- Deduction and abstraction -- Proofs -- Informal resoning in mathematics -- Representation in mathematics -- Infinity -- Infinitesimals -- Predictions, presumptions and personalities -- Esthetics and the joy of mathematics -- The usefulness of mathematics -- Foundations and the &quot;stuff&quot; of mathematics -- Preschool development of numerical and mathematical skills -- Mathematics in school -- Mathematical problem solving -- Final thoughts.</subfield></datafield><datafield tag="520" ind1=" " ind2=" "><subfield code="a">&quot;This book explores when and why the rudiments of mathematical capability first appeared among human beings, what its fundamental concepts are, and how and why it has grown into the richly branching complex of specialties that it is today. It discusses whether the &apos;truths&apos; of mathematics are discoveries or inventions and what prompts the emergence of concepts that appear to be descriptive of nothing in human experience. Also covered is the role of esthetics in mathematics: What exactly are mathematicians seeing when they describe a mathematical entity as &quot;beautiful&quot;? There is discussion of whether mathematical disability is distinguishable from a general cognitive deficit and whether the potential for mathematical reasoning is best developed through instruction.&quot; &quot;This volume is unique in the vast range of psychological questions it covers, as revealed in the work habits and products of numerous mathematicians. It provides fascinating reading for researchers and students with an interest in cognition in general and mathematical cognition in particular. Instructors of mathematics will also find the book&apos;s insights illuminating.&quot;--BOOK JACKET</subfield></datafield><datafield tag="650" ind1=" " ind2="7"><subfield code="a">Mathematical analysis</subfield><subfield code="0">(DE-Frei129)00234707</subfield><subfield code="2">local</subfield></datafield><datafield tag="650" ind1=" " ind2="7"><subfield code="a">Reasoning</subfield><subfield code="0">(DE-Frei129)00245701</subfield><subfield code="2">local</subfield></datafield><datafield tag="650" ind1=" " ind2="7"><subfield code="a">Logic, Symbolic and mathematical</subfield><subfield code="0">(DE-Frei129)01743366</subfield><subfield code="2">local</subfield></datafield><datafield tag="650" ind1=" " ind2="7"><subfield code="a">Problem solving</subfield><subfield code="0">(DE-Frei129)00239940</subfield><subfield code="2">local</subfield></datafield><datafield tag="650" ind1=" " ind2="7"><subfield code="a">Mathematik</subfield><subfield code="0">(DE-Frei129)00000979</subfield><subfield code="0">(DE-588)4037944-9</subfield><subfield code="2">gnd</subfield></datafield><datafield tag="650" ind1=" " ind2="7"><subfield code="a">Wissenschaftliches Denken</subfield><subfield code="0">(DE-Frei129)00092244</subfield><subfield code="0">(DE-588)4332807-6</subfield><subfield code="2">gnd</subfield></datafield><datafield tag="689" ind1="0" ind2="0"><subfield code="A">s</subfield><subfield code="a">Mathematical analysis</subfield><subfield code="5">DE-101</subfield></datafield><datafield tag="689" ind1="1" ind2="0"><subfield code="A">s</subfield><subfield code="a">Reasoning</subfield><subfield code="5">DE-101</subfield></datafield><datafield tag="689" ind1="2" ind2="0"><subfield code="A">s</subfield><subfield code="a">Logic, Symbolic and mathematical</subfield><subfield code="5">DE-101</subfield></datafield><datafield tag="689" ind1="3" ind2="0"><subfield code="A">s</subfield><subfield code="a">Problem solving</subfield><subfield code="5">DE-101</subfield></datafield><datafield tag="689" ind1="4" ind2="0"><subfield code="0">(DE-588)4037944-9</subfield><subfield code="D">s</subfield><subfield code="a">Mathematik </subfield></datafield><datafield tag="689" ind1="4" ind2="1"><subfield code="0">(DE-588)4332807-6</subfield><subfield code="D">s</subfield><subfield code="a">Wissenschaftliches Denken</subfield><subfield code="5">DE-101</subfield></datafield><datafield tag="852" ind1=" " ind2=" "><subfield code="a">Frei129</subfield><subfield code="c">Math B 10: 47</subfield></datafield><datafield tag="856" ind1="4" ind2=" "><subfield code="8">00</subfield><subfield code="u">http://swbplus.bsz-bw.de/bsz320394387inh.htm</subfield><subfield code="y">Inhaltsverzeichnis</subfield></datafield><datafield tag="980" ind1="0" ind2=" "><subfield code="a">00322545</subfield><subfield code="9">(PHFR)</subfield><subfield code="b">Handbibliothek (50)</subfield><subfield code="c">Math B 10: 47</subfield><subfield code="d">Handbibliothek - nie verleihbar (54)</subfield><subfield code="e">Verfügbar (X)</subfield></datafield></record>