
<record><leader>03016nam a2200000uuc4500</leader><controlfield tag="001">01581437</controlfield><controlfield tag="003">DE-Frei129</controlfield><controlfield tag="005">20220811084057.0</controlfield><controlfield tag="007">tu</controlfield><controlfield tag="008">100114s2010    ||||||||||||||||||||ger||</controlfield><datafield tag="020" ind1=" " ind2=" "><subfield code="a">9783190116591</subfield><subfield code="9">978-3-19-011659-1</subfield></datafield><datafield tag="035" ind1=" " ind2=" "><subfield code="a">(DE-576)1385273747</subfield></datafield><datafield tag="041" ind1=" " ind2=" "><subfield code="a">ger</subfield></datafield><datafield tag="245" ind1="1" ind2="0"><subfield code="a">Deutsch.com</subfield><subfield code="n">Deutsch.com ; A2 : Arbeitsbuch</subfield><subfield code="p">Arbeitsbuch A2 / Anna Breitsameter, Sara Vincente, Carmen Christache...</subfield><subfield code="c">Gerhard Neuner (Hg.); Anta Kursis̆a; Lina Pilypaitytė; Erna Szakály; Sara Vicente</subfield></datafield><datafield tag="250" ind1=" " ind2=" "><subfield code="a">1. Aufl.</subfield></datafield><datafield tag="260" ind1="3" ind2=" "><subfield code="a">Ismaning</subfield><subfield code="b">Hüber</subfield><subfield code="c">2010</subfield></datafield><datafield tag="300" ind1=" " ind2=" "><subfield code="a">166  Seiten</subfield><subfield code="b">Ill.</subfield></datafield><datafield tag="700" ind1="1" ind2=" "><subfield code="0">(DE-Frei129)00528720</subfield><subfield code="a">Breitsameter, Anna</subfield><subfield code="4">aut</subfield></datafield><datafield tag="700" ind1="1" ind2=" "><subfield code="0">(DE-Frei129)00530268</subfield><subfield code="a">Vincente, Sara</subfield><subfield code="4">aut</subfield></datafield><datafield tag="700" ind1="1" ind2=" "><subfield code="0">(DE-Frei129)00530269</subfield><subfield code="a">Christache, Carmen</subfield><subfield code="4">aut</subfield></datafield><datafield tag="773" ind1="0" ind2="8"><subfield code="w">(DE-Frei129)01576905</subfield><subfield code="q">A2ARBU42010</subfield></datafield><datafield tag="776" ind1="0" ind2="8"><subfield code="i">Erscheint auch als</subfield><subfield code="t">CD Arbeitsbuch A2</subfield><subfield code="w">(DE-Frei129)01581438</subfield><subfield code="w">(DE-576)1404909982</subfield></datafield><datafield tag="776" ind1="0" ind2="8"><subfield code="i">Erscheint auch als</subfield><subfield code="t">CD Arbeitsbuch</subfield><subfield code="w">(DE-Frei129)01581439</subfield></datafield><datafield tag="852" ind1=" " ind2=" "><subfield code="a">Frei 129</subfield><subfield code="b">PHFR</subfield><subfield code="c">GB 3044 D486 A -2</subfield></datafield><datafield tag="980" ind1="0" ind2=" "><subfield code="a">00425402</subfield><subfield code="9">(PHFR)</subfield><subfield code="b">Handbibliothek (50)</subfield><subfield code="c">Deu S 100: 16 A,2</subfield><subfield code="d">Handbibliothek - nie verleihbar (54)</subfield><subfield code="e">Verfügbar (X)</subfield></datafield></record>