
<record><leader>04831nam a2200000uu 4500</leader><controlfield tag="001">01581222</controlfield><controlfield tag="003">DE-Frei129</controlfield><controlfield tag="005">20220811084057.0</controlfield><controlfield tag="007">tu</controlfield><controlfield tag="008">091104s2010    |||||||||m||||||||||ger||</controlfield><datafield tag="015" ind1=" " ind2=" "><subfield code="a">10,A03</subfield></datafield><datafield tag="015" ind1=" " ind2=" "><subfield code="a">09,N46,0502</subfield></datafield><datafield tag="016" ind1="7" ind2=" "><subfield code="a">997724064</subfield><subfield code="2">DE-101</subfield></datafield><datafield tag="020" ind1=" " ind2=" "><subfield code="a">3631598653</subfield><subfield code="9">3631598653</subfield><subfield code="c">kart. : EUR 49.80</subfield></datafield><datafield tag="020" ind1=" " ind2=" "><subfield code="a">9783631598658</subfield><subfield code="9">9783631598658</subfield><subfield code="c">: kart. : EUR 49.80</subfield></datafield><datafield tag="024" ind1="3" ind2=" "><subfield code="a">9783631598658</subfield></datafield><datafield tag="035" ind1=" " ind2=" "><subfield code="a">(DE-576)612181588</subfield></datafield><datafield tag="041" ind1=" " ind2=" "><subfield code="a">ger</subfield></datafield><datafield tag="044" ind1=" " ind2=" "><subfield code="c">XA-DE-HE</subfield><subfield code="c">XA-CH</subfield><subfield code="c">XA-AT</subfield></datafield><datafield tag="100" ind1="1" ind2=" "><subfield code="a">Glück, Christian W.</subfield><subfield code="0">(DE-Frei129)00124069</subfield><subfield code="0">(DE-588)121895513</subfield></datafield><datafield tag="245" ind1="1" ind2="0"><subfield code="a">Kindliche Wortfindungsstörungen</subfield><subfield code="b">ein Bericht des aktuellen Erkenntnisstandes zu Grundlagen, Diagnostik und Therapie</subfield><subfield code="c">Christian Wolfgang Glück</subfield></datafield><datafield tag="250" ind1=" " ind2=" "><subfield code="a">4., durchgesehene Aufl.</subfield></datafield><datafield tag="260" ind1="3" ind2=" "><subfield code="a">Frankfurt am Main ; Berlin ; Bern [u.a.]</subfield><subfield code="b">Lang</subfield><subfield code="c">2010</subfield></datafield><datafield tag="300" ind1=" " ind2=" "><subfield code="a">280 Seiten</subfield><subfield code="b">graph. Darst.</subfield><subfield code="c">21 cm</subfield></datafield><datafield tag="490" ind1="1" ind2=" "><subfield code="a">Münchener Beiträge zur Sonderpädagogik </subfield><subfield code="v">Bd. 19</subfield></datafield><datafield tag="500" ind1=" " ind2=" "><subfield code="a">München</subfield></datafield><datafield tag="500" ind1=" " ind2=" "><subfield code="a">IMD-Felder maschinell generiert (GBV)</subfield></datafield><datafield tag="502" ind1=" " ind2=" "><subfield code="a">Zugl.: München, Univ., Diss., 1997</subfield></datafield><datafield tag="650" ind1=" " ind2="7"><subfield code="a">Kind</subfield><subfield code="0">(DE-Frei129)00001633</subfield><subfield code="0">(DE-588)4030550-8</subfield><subfield code="2">gnd</subfield></datafield><datafield tag="650" ind1=" " ind2="7"><subfield code="a">Sprachentwicklungsstörung</subfield><subfield code="0">(DE-Frei129)00041043</subfield><subfield code="0">(DE-588)4124242-7</subfield><subfield code="2">gnd</subfield></datafield><datafield tag="689" ind1="0" ind2="0"><subfield code="0">(DE-588)4030550-8</subfield><subfield code="D">s</subfield><subfield code="a">Kind </subfield></datafield><datafield tag="689" ind1="0" ind2="1"><subfield code="0">(DE-588)4124242-7</subfield><subfield code="D">s</subfield><subfield code="a">Sprachentwicklungsstörung</subfield><subfield code="5">DE-101</subfield></datafield><datafield tag="830" ind1=" " ind2="0"><subfield code="a">Münchener Beiträge zur Sonderpädagogik</subfield><subfield code="v">Bd. 19</subfield><subfield code="w">(DE-Frei129)00090129</subfield><subfield code="9">219</subfield></datafield><datafield tag="852" ind1=" " ind2=" "><subfield code="a">Frei 129</subfield><subfield code="b">PHFR</subfield><subfield code="c">Paed T 800: 104</subfield></datafield><datafield tag="856" ind1="4" ind2=" "><subfield code="8">00</subfield><subfield code="u">http://d-nb.info/997724064/04</subfield><subfield code="y">Kurzbeschreibung des Verlags</subfield></datafield><datafield tag="856" ind1="4" ind2=" "><subfield code="8">01</subfield><subfield code="u">http://d-nb.info/997724064/04</subfield><subfield code="y">Verlagsinformation</subfield></datafield><datafield tag="980" ind1="0" ind2=" "><subfield code="a">00210077</subfield><subfield code="9">(PHFR)</subfield><subfield code="b">EG-Anbau (32)</subfield><subfield code="c">Paed T 800: 104 a</subfield><subfield code="d">Standardleihe (01)</subfield><subfield code="e">ausgeliehen (A) - Fälligkeitsdatum: 31.08.2022</subfield></datafield></record>