
<record><leader>04556nam a2200000uu 4500</leader><controlfield tag="001">01581218</controlfield><controlfield tag="003">DE-Frei129</controlfield><controlfield tag="005">20220811084057.0</controlfield><controlfield tag="007">tu</controlfield><controlfield tag="008">091130s2010    ||||||||||||||||||||eng||</controlfield><datafield tag="020" ind1=" " ind2=" "><subfield code="a">9781433105456</subfield><subfield code="9">978-1-433-10545-6</subfield><subfield code="c">pbk. : alk. paper</subfield></datafield><datafield tag="035" ind1=" " ind2=" "><subfield code="a">(DE-576)1623932246</subfield></datafield><datafield tag="041" ind1=" " ind2=" "><subfield code="a">eng</subfield></datafield><datafield tag="044" ind1=" " ind2=" "><subfield code="c">XD-US</subfield></datafield><datafield tag="100" ind1="1" ind2=" "><subfield code="a">Kahn, Richard V.</subfield><subfield code="0">(DE-Frei129)00530236</subfield></datafield><datafield tag="245" ind1="1" ind2="0"><subfield code="a">Critical pedagogy, ecoliteracy, and planetary crisis</subfield><subfield code="b">the ecopedagogy movement</subfield><subfield code="c">Richard Kahn</subfield></datafield><datafield tag="260" ind1="3" ind2=" "><subfield code="a">New York</subfield><subfield code="b">Lang</subfield><subfield code="c">c2010</subfield></datafield><datafield tag="300" ind1=" " ind2=" "><subfield code="a">XVII, 186  Seiten</subfield></datafield><datafield tag="490" ind1="1" ind2=" "><subfield code="a">Counterpoints </subfield><subfield code="v">359</subfield></datafield><datafield tag="500" ind1=" " ind2=" "><subfield code="a">Includes bibliographical references and index</subfield></datafield><datafield tag="650" ind1=" " ind2="7"><subfield code="a">Umweltbewusstsein</subfield><subfield code="0">(DE-Frei129)00032923</subfield><subfield code="0">(DE-588)4078517-8</subfield><subfield code="2">gnd</subfield></datafield><datafield tag="650" ind1=" " ind2="7"><subfield code="a">Umwelterziehung</subfield><subfield code="0">(DE-Frei129)00024663</subfield><subfield code="0">(DE-588)4061627-7</subfield><subfield code="2">gnd</subfield></datafield><datafield tag="650" ind1=" " ind2="7"><subfield code="a">Critical pedagogy</subfield><subfield code="0">(DE-Frei129)00248743</subfield><subfield code="2">local</subfield></datafield><datafield tag="650" ind1=" " ind2="7"><subfield code="a">Critical thinking</subfield><subfield code="0">(DE-Frei129)00245702</subfield><subfield code="2">local</subfield></datafield><datafield tag="650" ind1=" " ind2="7"><subfield code="a">Ecology</subfield><subfield code="x">Philosophy</subfield><subfield code="0">(DE-Frei129)01756615</subfield><subfield code="2">local</subfield></datafield><datafield tag="689" ind1="0" ind2="0"><subfield code="0">(DE-588)4078517-8</subfield><subfield code="D">s</subfield><subfield code="a">Umweltbewusstsein </subfield></datafield><datafield tag="689" ind1="0" ind2="1"><subfield code="0">(DE-588)4061627-7</subfield><subfield code="D">s</subfield><subfield code="a">Umwelterziehung</subfield><subfield code="5">DE-101</subfield></datafield><datafield tag="689" ind1="1" ind2="0"><subfield code="A">s</subfield><subfield code="a">Critical pedagogy</subfield><subfield code="5">DE-101</subfield></datafield><datafield tag="689" ind1="2" ind2="0"><subfield code="A">s</subfield><subfield code="a">Critical thinking</subfield><subfield code="5">DE-101</subfield></datafield><datafield tag="689" ind1="3" ind2="0"><subfield code="A">s</subfield><subfield code="a">Ecology / Philosophy</subfield><subfield code="5">DE-101</subfield></datafield><datafield tag="830" ind1=" " ind2="0"><subfield code="a">Counterpoints</subfield><subfield code="v">359</subfield><subfield code="w">(DE-Frei129)00143192</subfield><subfield code="9">3359</subfield></datafield><datafield tag="852" ind1=" " ind2=" "><subfield code="a">Frei129</subfield><subfield code="c">Paed B 50: 150</subfield></datafield><datafield tag="856" ind1="4" ind2=" "><subfield code="8">00</subfield><subfield code="u">http://bvbr.bib-bvb.de:8991/F?func=service&amp;doc_library=BVB01&amp;doc_number=018763475&amp;line_number=0001&amp;func_code=DB_RECORDS&amp;service_type=MEDIA</subfield><subfield code="y">Inhaltsverzeichnis</subfield></datafield><datafield tag="980" ind1="0" ind2=" "><subfield code="a">00210025</subfield><subfield code="9">(PHFR)</subfield><subfield code="b">EG-Anbau (32)</subfield><subfield code="c">Paed B 50: 150</subfield><subfield code="d">Standardleihe (01)</subfield><subfield code="e">Verfügbar (X)</subfield></datafield></record>