
<record><leader>05301nam a2200000uu 4500</leader><controlfield tag="001">01580899</controlfield><controlfield tag="003">DE-Frei129</controlfield><controlfield tag="005">20220811084057.0</controlfield><controlfield tag="007">tu</controlfield><controlfield tag="008">090917s2010    ||||||||||||||||||||ger||</controlfield><datafield tag="015" ind1=" " ind2=" "><subfield code="a">09,N39,0423</subfield></datafield><datafield tag="016" ind1="7" ind2=" "><subfield code="a">996644458</subfield><subfield code="2">DE-101</subfield></datafield><datafield tag="020" ind1=" " ind2=" "><subfield code="a">9783808006597</subfield><subfield code="9">9783808006597</subfield><subfield code="c">KUNSTORD. : EUR 34.80, sfr 56.40 (freier Pr.)</subfield></datafield><datafield tag="024" ind1="3" ind2=" "><subfield code="a">9783808006597</subfield></datafield><datafield tag="035" ind1=" " ind2=" "><subfield code="a">(DE-576)608991104</subfield></datafield><datafield tag="041" ind1=" " ind2=" "><subfield code="a">ger</subfield></datafield><datafield tag="044" ind1=" " ind2=" "><subfield code="c">XA-DE-NW</subfield></datafield><datafield tag="100" ind1="1" ind2=" "><subfield code="a">Nickisch, Andreas</subfield><subfield code="0">(DE-Frei129)00135826</subfield><subfield code="0">(DE-588)173858074</subfield></datafield><datafield tag="245" ind1="1" ind2="0"><subfield code="a">Auditive Verarbeitungs- und Wahrnehmungsstörungen (AVWS) bei Schulkindern</subfield><subfield code="b">Diagnostik und Therapie</subfield><subfield code="c">Andreas Nickisch; Dolores Heber; Jutta Burger-Gartner</subfield></datafield><datafield tag="250" ind1=" " ind2=" "><subfield code="a">4., überarb. Aufl.</subfield></datafield><datafield tag="260" ind1="3" ind2=" "><subfield code="a">Dortmund</subfield><subfield code="b">Verl. Modernes Lernen</subfield><subfield code="c">2010</subfield></datafield><datafield tag="300" ind1=" " ind2=" "><subfield code="a">286 Seiten</subfield><subfield code="b">Ill., graph. Darst.</subfield><subfield code="c">297 mm x 210 mm</subfield></datafield><datafield tag="500" ind1=" " ind2=" "><subfield code="a">Literaturverz. S. 285</subfield></datafield><datafield tag="500" ind1=" " ind2=" "><subfield code="a">In Ringbuchordner</subfield></datafield><datafield tag="500" ind1=" " ind2=" "><subfield code="a">Archivierung prüfen</subfield></datafield><datafield tag="650" ind1=" " ind2="7"><subfield code="a">Therapie</subfield><subfield code="0">(DE-Frei129)00003708</subfield><subfield code="0">(DE-588)4059798-2</subfield><subfield code="2">gnd</subfield></datafield><datafield tag="650" ind1=" " ind2="7"><subfield code="a">Schulkind</subfield><subfield code="0">(DE-Frei129)00010253</subfield><subfield code="0">(DE-588)4077197-0</subfield><subfield code="2">gnd</subfield></datafield><datafield tag="650" ind1=" " ind2="7"><subfield code="a">Hörstörung</subfield><subfield code="0">(DE-Frei129)00011279</subfield><subfield code="0">(DE-588)4025437-9</subfield><subfield code="2">gnd</subfield></datafield><datafield tag="650" ind1=" " ind2="7"><subfield code="a">Therapie</subfield><subfield code="0">(DE-Frei129)00003708</subfield><subfield code="0">(DE-588)4059798-2</subfield><subfield code="2">gnd</subfield></datafield><datafield tag="650" ind1=" " ind2="7"><subfield code="a">Test</subfield><subfield code="0">(DE-Frei129)00003112</subfield><subfield code="0">(DE-588)4059549-3</subfield><subfield code="2">gnd</subfield></datafield><datafield tag="689" ind1="0" ind2="0"><subfield code="0">(DE-588)4077197-0</subfield><subfield code="D">s</subfield><subfield code="a">Schulkind </subfield></datafield><datafield tag="689" ind1="0" ind2="1"><subfield code="0">(DE-588)4025437-9</subfield><subfield code="D">s</subfield><subfield code="a">Hörstörung </subfield></datafield><datafield tag="689" ind1="0" ind2="2"><subfield code="0">(DE-588)4059798-2</subfield><subfield code="D">s</subfield><subfield code="a">Therapie</subfield><subfield code="5">DE-101</subfield></datafield><datafield tag="689" ind1="1" ind2="0"><subfield code="0">(DE-588)4059549-3</subfield><subfield code="D">s</subfield><subfield code="a">Test</subfield><subfield code="5">DE-101</subfield></datafield><datafield tag="700" ind1="1" ind2=" "><subfield code="0">(DE-588)123136873</subfield><subfield code="0">(DE-Frei129)00137048</subfield><subfield code="a">Heber, Dolores</subfield><subfield code="4">aut</subfield></datafield><datafield tag="700" ind1="1" ind2=" "><subfield code="0">(DE-588)123136881</subfield><subfield code="0">(DE-Frei129)00137049</subfield><subfield code="a">Burger-Gartner, Jutta</subfield><subfield code="4">aut</subfield></datafield><datafield tag="852" ind1=" " ind2=" "><subfield code="a">Frei129</subfield><subfield code="c">Paed T 750: 98 b</subfield></datafield><datafield tag="856" ind1="4" ind2=" "><subfield code="8">00</subfield><subfield code="u">http://d-nb.info/996644458/04</subfield><subfield code="y">Inhaltsverzeichnis</subfield></datafield><datafield tag="980" ind1="0" ind2=" "><subfield code="a">00211063</subfield><subfield code="9">(PHFR)</subfield><subfield code="b">EG-Anbau (32)</subfield><subfield code="c">Paed T 750: 98 b</subfield><subfield code="d">Präsenzbestand II (51)</subfield><subfield code="e">Verfügbar (X)</subfield></datafield></record>