
<record><leader>03107nam a2200000uu 4500</leader><controlfield tag="001">01580794</controlfield><controlfield tag="003">DE-Frei129</controlfield><controlfield tag="005">20220811084057.0</controlfield><controlfield tag="007">tu</controlfield><controlfield tag="008">090908s2010    ||||||||||||||||||||ger||</controlfield><datafield tag="020" ind1=" " ind2=" "><subfield code="a">9783898995108</subfield><subfield code="9">978-3-89899-510-8</subfield><subfield code="c">kart. : EUR 14.95</subfield></datafield><datafield tag="020" ind1=" " ind2=" "><subfield code="a">3898995100</subfield><subfield code="9">3-89899-510-0</subfield><subfield code="c">kart. : EUR 14.95</subfield></datafield><datafield tag="035" ind1=" " ind2=" "><subfield code="a">(DE-576)1621725545</subfield></datafield><datafield tag="041" ind1=" " ind2=" "><subfield code="a">ger</subfield></datafield><datafield tag="044" ind1=" " ind2=" "><subfield code="c">XA-DE-NW</subfield></datafield><datafield tag="245" ind1="1" ind2="0"><subfield code="a">Ich lerne Badminton</subfield><subfield code="c">Katrin Barth; Heinz Kelzenberg</subfield></datafield><datafield tag="250" ind1=" " ind2=" "><subfield code="a">1. Aufl.</subfield></datafield><datafield tag="260" ind1="3" ind2=" "><subfield code="a">Aachen</subfield><subfield code="b">Meyer &amp; Meyer</subfield><subfield code="c">2010 2010</subfield></datafield><datafield tag="300" ind1=" " ind2=" "><subfield code="a">152  Seiten</subfield><subfield code="b">Ill.</subfield><subfield code="c">240 mm x 165 mm</subfield></datafield><datafield tag="490" ind1="0" ind2=" "><subfield code="a">Ich lerne, ich trainiere...</subfield></datafield><datafield tag="689" ind1="0" ind2="0"><subfield code="0">(DE-588)4004191-8</subfield><subfield code="D">s</subfield><subfield code="a">Badminton </subfield></datafield><datafield tag="689" ind1="0" ind2="1"><subfield code="A">s</subfield><subfield code="a">Kindersachbuch</subfield><subfield code="5">DE-101</subfield></datafield><datafield tag="700" ind1="1" ind2=" "><subfield code="0">(DE-588)122855817</subfield><subfield code="0">(DE-Frei129)00135507</subfield><subfield code="a">Barth, Katrin</subfield><subfield code="4">aut</subfield></datafield><datafield tag="700" ind1="1" ind2=" "><subfield code="0">(DE-588)133550168</subfield><subfield code="0">(DE-Frei129)00529055</subfield><subfield code="a">Kelzenberg, Heinz</subfield><subfield code="4">aut</subfield></datafield><datafield tag="852" ind1=" " ind2=" "><subfield code="a">Frei 129</subfield><subfield code="b">PHFR</subfield><subfield code="c">Spo C 300: 61</subfield></datafield><datafield tag="856" ind1="4" ind2=" "><subfield code="8">00</subfield><subfield code="u">http://d-nb.info/994534590/04</subfield><subfield code="y">Inhaltsverzeichnis</subfield></datafield><datafield tag="980" ind1="0" ind2=" "><subfield code="a">00429120</subfield><subfield code="9">(PHFR)</subfield><subfield code="b">UG (33)</subfield><subfield code="c">Spo C 300: 61</subfield><subfield code="d">Standardleihe (01)</subfield><subfield code="e">Verfügbar (X)</subfield></datafield></record>