
<record><leader>05365nam a2200000uuc4500</leader><controlfield tag="001">01450577</controlfield><controlfield tag="003">DE-Frei129</controlfield><controlfield tag="005">20220811084057.0</controlfield><controlfield tag="007">tu</controlfield><controlfield tag="008">110428s2010    ||||||||||||||||||||ger||</controlfield><datafield tag="015" ind1=" " ind2=" "><subfield code="a">11,A07</subfield></datafield><datafield tag="016" ind1="7" ind2=" "><subfield code="a">1008512664</subfield><subfield code="2">DE-101</subfield></datafield><datafield tag="020" ind1=" " ind2=" "><subfield code="a">9783881208185</subfield><subfield code="9">9783881208185</subfield><subfield code="c">kart. : EUR 19.80 (DE)</subfield></datafield><datafield tag="024" ind1="3" ind2=" "><subfield code="a">9783881208185</subfield></datafield><datafield tag="035" ind1=" " ind2=" "><subfield code="a">(DE-576)1411289498</subfield></datafield><datafield tag="041" ind1=" " ind2=" "><subfield code="a">ger</subfield></datafield><datafield tag="044" ind1=" " ind2=" "><subfield code="c">XA-DE-NI</subfield></datafield><datafield tag="245" ind1="1" ind2="0"><subfield code="a">Materialien für einen projektorientierten Mathematik- und Informatikunterricht</subfield><subfield code="n">7</subfield><subfield code="p">Unterrichtsmaterialien und Projektideen von der Schülerakademie Mathematik und Informatik : Münster 2009 / SMIMS. Gilbert Greefrath; Andreas Pallack (Hrsg.). Mit Beitr. von: Birte Ahrens ...</subfield><subfield code="c">Timo Leuders Herausgeber/in ; Andreas Pallack</subfield></datafield><datafield tag="260" ind1="3" ind2=" "><subfield code="a">Hildesheim ; Berlin</subfield><subfield code="b">diVerl. Franzbecker</subfield><subfield code="c">2010</subfield></datafield><datafield tag="300" ind1=" " ind2=" "><subfield code="a">156 Seiten</subfield><subfield code="b">Ill., graph. Darst.</subfield><subfield code="c">30 cm</subfield></datafield><datafield tag="650" ind1=" " ind2="7"><subfield code="a">Informatikunterricht</subfield><subfield code="0">(DE-Frei129)00011857</subfield><subfield code="0">(DE-588)4026898-6</subfield><subfield code="2">gnd</subfield></datafield><datafield tag="650" ind1=" " ind2="7"><subfield code="a">Mathematikunterricht</subfield><subfield code="0">(DE-Frei129)00016130</subfield><subfield code="0">(DE-588)4037949-8</subfield><subfield code="2">gnd</subfield></datafield><datafield tag="650" ind1=" " ind2="7"><subfield code="a">Projektunterricht</subfield><subfield code="0">(DE-Frei129)00019670</subfield><subfield code="0">(DE-588)4047445-8</subfield><subfield code="2">gnd</subfield></datafield><datafield tag="650" ind1=" " ind2="7"><subfield code="a">Mathematikunterricht</subfield><subfield code="0">(DE-Frei129)00016130</subfield><subfield code="0">(DE-588)4037949-8</subfield><subfield code="2">gnd</subfield></datafield><datafield tag="650" ind1=" " ind2="7"><subfield code="a">Informatikunterricht</subfield><subfield code="0">(DE-Frei129)00011857</subfield><subfield code="0">(DE-588)4026898-6</subfield><subfield code="2">gnd</subfield></datafield><datafield tag="650" ind1=" " ind2="7"><subfield code="a">Projektunterricht</subfield><subfield code="0">(DE-Frei129)00019670</subfield><subfield code="0">(DE-588)4047445-8</subfield><subfield code="2">gnd</subfield></datafield><datafield tag="689" ind1="0" ind2="0"><subfield code="0">(DE-588)4037949-8</subfield><subfield code="D">s</subfield><subfield code="a">Mathematikunterricht </subfield></datafield><datafield tag="689" ind1="0" ind2="1"><subfield code="0">(DE-588)4026898-6</subfield><subfield code="D">s</subfield><subfield code="a">Informatikunterricht </subfield></datafield><datafield tag="689" ind1="0" ind2="2"><subfield code="0">(DE-588)4047445-8</subfield><subfield code="D">s</subfield><subfield code="a">Projektunterricht</subfield><subfield code="5">DE-101</subfield></datafield><datafield tag="700" ind1="1" ind2=" "><subfield code="0">(DE-588)120952831</subfield><subfield code="0">(DE-Frei129)00138400</subfield><subfield code="a">Greefrath, Gilbert</subfield><subfield code="4">Hrsg.</subfield></datafield><datafield tag="711" ind1="2" ind2=" "><subfield code="0">(DE-Frei129)00151273</subfield><subfield code="0">(DE-588)16096906-2</subfield><subfield code="a">SMIMS (2009 : Münster(Westf.))</subfield><subfield code="c">Münster(Westf.)</subfield><subfield code="4">cre</subfield></datafield><datafield tag="773" ind1="0" ind2="8"><subfield code="w">(DE-Frei129)00294772</subfield><subfield code="q">17</subfield></datafield><datafield tag="852" ind1=" " ind2=" "><subfield code="a">Frei129</subfield><subfield code="c">Math N 340: 57 ,7</subfield></datafield><datafield tag="856" ind1="4" ind2=" "><subfield code="8">00</subfield><subfield code="u">http://d-nb.info/1008512664/04</subfield><subfield code="y">Inhaltsverzeichnis</subfield></datafield><datafield tag="856" ind1="4" ind2=" "><subfield code="8">01</subfield><subfield code="u">https://zbmath.org/?q=an:1205.00039</subfield><subfield code="y">Inhaltstext</subfield></datafield><datafield tag="980" ind1="0" ind2=" "><subfield code="a">00218137</subfield><subfield code="9">(PHFR)</subfield><subfield code="b">UG (33)</subfield><subfield code="c">Math N 340: 57 ,7</subfield><subfield code="d">Standardleihe (01)</subfield><subfield code="e">Verfügbar (X)</subfield></datafield></record>