
<record><leader>05658nam a2200000uu 4500</leader><controlfield tag="001">01443207</controlfield><controlfield tag="003">DE-Frei129</controlfield><controlfield tag="005">20220811084057.0</controlfield><controlfield tag="007">tu</controlfield><controlfield tag="008">100826s2010    ||||||||||||||||||||ger||</controlfield><datafield tag="020" ind1=" " ind2=" "><subfield code="a">9783838900674</subfield><subfield code="9">9783838900674</subfield></datafield><datafield tag="035" ind1=" " ind2=" "><subfield code="a">(DE-576)633954179</subfield></datafield><datafield tag="041" ind1=" " ind2=" "><subfield code="a">ger</subfield></datafield><datafield tag="044" ind1=" " ind2=" "><subfield code="c">XA-DE</subfield><subfield code="c">XA-DE-BY</subfield></datafield><datafield tag="100" ind1="1" ind2=" "><subfield code="a">Heuser, Lutz</subfield><subfield code="0">(DE-Frei129)00768421</subfield><subfield code="0">(DE-588)115028994</subfield></datafield><datafield tag="245" ind1="1" ind2="0"><subfield code="a">Heinz&apos; Life</subfield><subfield code="b">kleine Geschichte vom Kommen und Gehen des Computers</subfield><subfield code="c">Lutz Heuser</subfield></datafield><datafield tag="250" ind1=" " ind2=" "><subfield code="a">Lizenzausg.</subfield></datafield><datafield tag="260" ind1="3" ind2=" "><subfield code="a">Bonn</subfield><subfield code="b">Bundeszentrale für Politische Bildung</subfield><subfield code="c">2010</subfield></datafield><datafield tag="300" ind1=" " ind2=" "><subfield code="a">XI, 333 Seiten</subfield><subfield code="b">Ill.</subfield></datafield><datafield tag="490" ind1="1" ind2=" "><subfield code="a">Schriftenreihe / Bundeszentrale für Politische Bildung </subfield><subfield code="v">1067</subfield></datafield><datafield tag="500" ind1=" " ind2=" "><subfield code="a">Lizenzausg. des Hanser Verlags, München</subfield></datafield><datafield tag="500" ind1=" " ind2=" "><subfield code="a">IMD-Felder maschinell generiert (GBV)</subfield></datafield><datafield tag="520" ind1=" " ind2=" "><subfield code="a">Mit der Einführung von Mikroprozessoren wurden elektronische Rechner immer kleiner und leistungsfähiger. Das Buch erzählt am Beispiel der Kunstfigur Heinz auf unterhaltsame Weise von diesem Transformationsprozess und wagt einen Blick in die Zukunft der Informationstechnologie.Zu ihrer Geburtsstunde waren sie noch gebäudegroße Apparate und bis in die 1980er Jahre hinein nur mit Expertenwissen zu bedienen. Heute sind Computer aus unserem täglichen Leben nicht mehr wegzudenken. Und doch werden sie bald wieder verschwunden oder - so eine These der Autorinnen und Autoren von Heinz&apos; Life - unsichtbarer Teil unseres Lebensumfelds sein. Im Tagebuch der Kunstfigur Heinz wird die Geschichte des Computers mit fiktionalen und zeithistorischen Erzählungen verwoben. Anschaulich und unterhaltsam wird dabei geschildert, woher Computer kommen und welche Auswirkungen sie auf unser Leben haben. Mit einem Blick bis ins Jahr 2032 wagt das Buch auch Prognosen zur Technikrevolution von morgen.</subfield></datafield><datafield tag="648" ind1=" " ind2="7"><subfield code="a">Geschichte 1962-2010</subfield><subfield code="0">(DE-Frei129)00401839</subfield><subfield code="2">local</subfield></datafield><datafield tag="648" ind1=" " ind2="7"><subfield code="a">Prognose 2011-2032</subfield><subfield code="0">(DE-Frei129)00401840</subfield><subfield code="2">local</subfield></datafield><datafield tag="650" ind1=" " ind2="7"><subfield code="a">Computer</subfield><subfield code="0">(DE-Frei129)00005383</subfield><subfield code="0">(DE-588)4070083-5</subfield><subfield code="2">gnd</subfield></datafield><datafield tag="650" ind1=" " ind2="7"><subfield code="a">Computer</subfield><subfield code="0">(DE-Frei129)00005383</subfield><subfield code="0">(DE-588)4070083-5</subfield><subfield code="2">gnd</subfield></datafield><datafield tag="689" ind1="0" ind2="0"><subfield code="0">(DE-588)4070083-5</subfield><subfield code="D">s</subfield><subfield code="a">Computer </subfield></datafield><datafield tag="689" ind1="0" ind2="1"><subfield code="A">s</subfield><subfield code="a">Geschichte 1962-2010</subfield><subfield code="5">DE-101</subfield></datafield><datafield tag="689" ind1="1" ind2="0"><subfield code="0">(DE-588)4070083-5</subfield><subfield code="D">s</subfield><subfield code="a">Computer </subfield></datafield><datafield tag="689" ind1="1" ind2="1"><subfield code="A">s</subfield><subfield code="a">Prognose 2011-2032</subfield><subfield code="5">DE-101</subfield></datafield><datafield tag="830" ind1=" " ind2="0"><subfield code="a">Schriftenreihe / Bundeszentrale für Politische Bildung</subfield><subfield code="v">1067</subfield><subfield code="w">(DE-Frei129)00081108</subfield><subfield code="9">41067</subfield></datafield><datafield tag="852" ind1=" " ind2=" "><subfield code="a">Frei129</subfield><subfield code="c">Komm C 90: 106</subfield></datafield><datafield tag="856" ind1="4" ind2=" "><subfield code="8">00</subfield><subfield code="u">http://www.gbv.de/dms/bs/toc/633954179.pdf</subfield><subfield code="y">Inhaltsverzeichnis</subfield></datafield><datafield tag="856" ind1="4" ind2=" "><subfield code="8">01</subfield><subfield code="u">http://www.bpb.de/cache/images/3/36123-st-portlet140x191.jpg?06CBF</subfield><subfield code="y">Cover</subfield></datafield><datafield tag="980" ind1="0" ind2=" "><subfield code="a">00213397</subfield><subfield code="9">(PHFR)</subfield><subfield code="b">UG (33)</subfield><subfield code="c">Komm C 90: 106</subfield><subfield code="d">Standardleihe (01)</subfield><subfield code="e">Verfügbar (X)</subfield></datafield></record>