
<record><leader>04212nam a2200000uu 4500</leader><controlfield tag="001">01442742</controlfield><controlfield tag="003">DE-Frei129</controlfield><controlfield tag="005">20220811084057.0</controlfield><controlfield tag="007">tu</controlfield><controlfield tag="008">100630s2010    ||||||||||||||||||||ger||</controlfield><datafield tag="015" ind1=" " ind2=" "><subfield code="a">10,A35</subfield></datafield><datafield tag="016" ind1="7" ind2=" "><subfield code="a">1003708978</subfield><subfield code="2">DE-101</subfield></datafield><datafield tag="020" ind1=" " ind2=" "><subfield code="a">9783801721817</subfield><subfield code="9">9783801721817</subfield><subfield code="c">kart. : EUR 9.95, sfr 14.80 (freier Pr.)</subfield></datafield><datafield tag="024" ind1="3" ind2=" "><subfield code="a">9783801721817</subfield></datafield><datafield tag="035" ind1=" " ind2=" "><subfield code="a">(DE-576)63037063X</subfield></datafield><datafield tag="041" ind1=" " ind2=" "><subfield code="a">ger</subfield></datafield><datafield tag="044" ind1=" " ind2=" "><subfield code="c">XA-DE-NI</subfield><subfield code="c">XA-CH</subfield><subfield code="c">XA-AT</subfield></datafield><datafield tag="245" ind1="1" ind2="0"><subfield code="a">Wenn das Spiegelbild zur Qual wird</subfield><subfield code="b">ein Ratgeber zur körperdysmorphen Störung</subfield><subfield code="c">von Viktoria Ritter und Ulrich Stangier</subfield></datafield><datafield tag="260" ind1="3" ind2=" "><subfield code="a">Göttingen ; Bern ; Wien [u.a.]</subfield><subfield code="b">Verl. für Psychologie Hogrefe</subfield><subfield code="c">2010</subfield></datafield><datafield tag="300" ind1=" " ind2=" "><subfield code="a">85 Seiten</subfield><subfield code="b">graph. Darst.</subfield><subfield code="c">21 cm</subfield></datafield><datafield tag="490" ind1="1" ind2=" "><subfield code="a">Ratgeber zur Reihe Fortschritte der Psychotherapie </subfield><subfield code="v">Bd. 21</subfield></datafield><datafield tag="500" ind1=" " ind2=" "><subfield code="a">Literatur- und URL-Verz. S. 73</subfield></datafield><datafield tag="500" ind1=" " ind2=" "><subfield code="a">IMD-Felder maschinell generiert (GBV)</subfield></datafield><datafield tag="650" ind1=" " ind2="7"><subfield code="a">Dysmorphophobie</subfield><subfield code="0">(DE-Frei129)00148947</subfield><subfield code="2">local</subfield></datafield><datafield tag="650" ind1=" " ind2="7"><subfield code="a">Dysmorphophobie</subfield><subfield code="0">(DE-Frei129)00418336</subfield><subfield code="0">(DE-588)4150946-8</subfield><subfield code="2">gnd</subfield></datafield><datafield tag="689" ind1="0" ind2="0"><subfield code="0">(DE-588)4150946-8</subfield><subfield code="D">s</subfield><subfield code="a">Dysmorphophobie</subfield><subfield code="5">DE-101</subfield></datafield><datafield tag="700" ind1="1" ind2=" "><subfield code="0">(DE-588)141974168</subfield><subfield code="0">(DE-Frei129)00485287</subfield><subfield code="a">Ritter, Viktoria</subfield><subfield code="4">aut</subfield></datafield><datafield tag="700" ind1="1" ind2=" "><subfield code="0">(DE-588)112317510</subfield><subfield code="0">(DE-Frei129)00080711</subfield><subfield code="a">Stangier, Ulrich</subfield><subfield code="4">aut</subfield></datafield><datafield tag="830" ind1=" " ind2="0"><subfield code="a">Ratgeber zur Reihe Fortschritte der Psychotherapie</subfield><subfield code="v">Bd. 21</subfield><subfield code="w">(DE-Frei129)00260876</subfield><subfield code="9">221</subfield></datafield><datafield tag="852" ind1=" " ind2=" "><subfield code="a">Frei 129</subfield><subfield code="b">PHFR</subfield><subfield code="c">Psy K 110: 71</subfield></datafield><datafield tag="856" ind1="4" ind2=" "><subfield code="8">00</subfield><subfield code="u">http://d-nb.info/1003708978/04</subfield><subfield code="y">Inhaltsverzeichnis</subfield></datafield><datafield tag="980" ind1="0" ind2=" "><subfield code="a">00415019</subfield><subfield code="9">(PHFR)</subfield><subfield code="b">1. OG Semesterapparat (40)</subfield><subfield code="c">Psy K 110: 71</subfield><subfield code="d">Präsenzbestand II (51)</subfield><subfield code="e">Verfügbar (X)</subfield></datafield></record>