
<record><leader>03745nam a2200000uu 4500</leader><controlfield tag="001">01437946</controlfield><controlfield tag="003">DE-Frei129</controlfield><controlfield tag="005">20220811084057.0</controlfield><controlfield tag="007">tu</controlfield><controlfield tag="008">110704s2010    ||||||||||||||||||||ger||</controlfield><datafield tag="020" ind1=" " ind2=" "><subfield code="a">9783551517258</subfield><subfield code="9">978-3-551-51725-8</subfield></datafield><datafield tag="035" ind1=" " ind2=" "><subfield code="a">(DE-576)1611328861</subfield></datafield><datafield tag="041" ind1=" " ind2=" "><subfield code="a">ger</subfield><subfield code="h">eng</subfield></datafield><datafield tag="044" ind1=" " ind2=" "><subfield code="c">XA-DE-HH</subfield></datafield><datafield tag="245" ind1="1" ind2="4"><subfield code="a">Die Fund-Sache</subfield><subfield code="b">[eine Geschichte für alle, die Wichtigeres zu tun haben]</subfield><subfield code="c">gefunden von Shaun Tan</subfield></datafield><datafield tag="246" ind1="1" ind2="3"><subfield code="a">The lost thing</subfield></datafield><datafield tag="250" ind1=" " ind2=" "><subfield code="a">[Nachdr.]</subfield></datafield><datafield tag="260" ind1="3" ind2=" "><subfield code="a">Hamburg</subfield><subfield code="b">Carlsen</subfield><subfield code="c">2010 [20]10</subfield></datafield><datafield tag="300" ind1=" " ind2=" "><subfield code="a">[32]  Seiten</subfield><subfield code="b">überw. Ill.</subfield><subfield code="c">32 cm</subfield></datafield><datafield tag="650" ind1=" " ind2="7"><subfield code="a">Junge</subfield><subfield code="0">(DE-Frei129)00012822</subfield><subfield code="0">(DE-588)4029002-5</subfield><subfield code="2">gnd</subfield></datafield><datafield tag="650" ind1=" " ind2="7"><subfield code="a">Fund</subfield><subfield code="0">(DE-Frei129)00057784</subfield><subfield code="0">(DE-588)4155636-7</subfield><subfield code="2">gnd</subfield></datafield><datafield tag="650" ind1=" " ind2="7"><subfield code="a">Junge</subfield><subfield code="0">(DE-Frei129)00012822</subfield><subfield code="0">(DE-588)4029002-5</subfield><subfield code="2">gnd</subfield></datafield><datafield tag="650" ind1=" " ind2="7"><subfield code="a">Fund</subfield><subfield code="0">(DE-Frei129)00057784</subfield><subfield code="0">(DE-588)4155636-7</subfield><subfield code="2">gnd</subfield></datafield><datafield tag="655" ind1=" " ind2="7"><subfield code="a">Bilderbuch</subfield><subfield code="0">(DE-Frei129)00000373</subfield><subfield code="2">local</subfield></datafield><datafield tag="689" ind1="0" ind2="0"><subfield code="0">(DE-588)4029002-5</subfield><subfield code="D">s</subfield><subfield code="a">Junge </subfield></datafield><datafield tag="689" ind1="0" ind2="1"><subfield code="0">(DE-588)4155636-7</subfield><subfield code="D">s</subfield><subfield code="a">Fund </subfield></datafield><datafield tag="689" ind1="0" ind2="2"><subfield code="A">s</subfield><subfield code="a">Bilderbuch</subfield><subfield code="5">DE-101</subfield></datafield><datafield tag="700" ind1="1" ind2=" "><subfield code="0">(DE-588)139489657</subfield><subfield code="0">(DE-Frei129)00160678</subfield><subfield code="a">Tan, Shaun</subfield><subfield code="4">aut</subfield></datafield><datafield tag="852" ind1=" " ind2=" "><subfield code="a">Frei 129</subfield><subfield code="b">PHFR</subfield><subfield code="c">ED 5540 T161 F9</subfield></datafield><datafield tag="980" ind1="0" ind2=" "><subfield code="a">00216455</subfield><subfield code="9">(PHFR)</subfield><subfield code="b">2.OG (35)</subfield><subfield code="c">ED 5540 T161 F9</subfield><subfield code="d">Standardleihe (01)</subfield><subfield code="e">Verfügbar (X)</subfield></datafield></record>