
<record><leader>04035nam a2200000uuc4500</leader><controlfield tag="001">01408390</controlfield><controlfield tag="003">DE-Frei129</controlfield><controlfield tag="005">20220811084057.0</controlfield><controlfield tag="007">tu</controlfield><controlfield tag="008">110608s2010    ||||||||||||||||||||ger||</controlfield><datafield tag="020" ind1=" " ind2=" "><subfield code="a">9783637012158</subfield><subfield code="9">978-3-637-01215-8</subfield></datafield><datafield tag="020" ind1=" " ind2=" "><subfield code="a">9783637009035</subfield><subfield code="9">978-3-637-00903-5</subfield><subfield code="c">Prüfpaket</subfield></datafield><datafield tag="035" ind1=" " ind2=" "><subfield code="a">(DE-576)1415613583</subfield></datafield><datafield tag="041" ind1=" " ind2=" "><subfield code="a">ger</subfield></datafield><datafield tag="044" ind1=" " ind2=" "><subfield code="c">XA-DE</subfield></datafield><datafield tag="245" ind1="1" ind2="0"><subfield code="a">Frida &amp; Co</subfield><subfield code="b">[Mensch, Natur und Kultur]</subfield><subfield code="n">[2], Poster</subfield><subfield code="p">Das Mittelalter</subfield><subfield code="c">erarb. von Bettina Ferratusco ...</subfield></datafield><datafield tag="260" ind1="3" ind2=" "><subfield code="a">München</subfield><subfield code="b">de Gruyter</subfield><subfield code="c">2010</subfield></datafield><datafield tag="300" ind1=" " ind2=" "><subfield code="a">1 Poster</subfield><subfield code="b">nur Ill.</subfield></datafield><datafield tag="650" ind1=" " ind2="7"><subfield code="a">Sachunterricht</subfield><subfield code="0">(DE-Frei129)00010867</subfield><subfield code="0">(DE-588)4051158-3</subfield><subfield code="2">gnd</subfield></datafield><datafield tag="650" ind1=" " ind2="7"><subfield code="a">Grundschule</subfield><subfield code="0">(DE-Frei129)00010240</subfield><subfield code="0">(DE-588)4022349-8</subfield><subfield code="2">gnd</subfield></datafield><datafield tag="650" ind1=" " ind2="7"><subfield code="a">Mittelalter</subfield><subfield code="0">(DE-Frei129)00044643</subfield><subfield code="0">(DE-588)4129108-6</subfield><subfield code="2">gnd</subfield></datafield><datafield tag="689" ind1="0" ind2="0"><subfield code="0">(DE-588)4051158-3</subfield><subfield code="D">s</subfield><subfield code="a">Sachunterricht </subfield></datafield><datafield tag="689" ind1="0" ind2="1"><subfield code="0">(DE-588)4022349-8</subfield><subfield code="D">s</subfield><subfield code="a">Grundschule </subfield></datafield><datafield tag="689" ind1="0" ind2="2"><subfield code="0">(DE-588)4129108-6</subfield><subfield code="D">s</subfield><subfield code="a">Mittelalter</subfield><subfield code="5">DE-101</subfield></datafield><datafield tag="773" ind1="0" ind2="8"><subfield code="w">(DE-Frei129)01390735</subfield><subfield code="q">12POST42010</subfield></datafield><datafield tag="852" ind1=" " ind2=" "><subfield code="a">Frei 129</subfield><subfield code="b">PHFR</subfield><subfield code="c">Paed M 170: 13 P</subfield></datafield><datafield tag="980" ind1="0" ind2=" "><subfield code="a">00420946</subfield><subfield code="9">(PHFR)</subfield><subfield code="b">Handbibliothek (50)</subfield><subfield code="c">Paed M 170: 13 P b</subfield><subfield code="d">Handbibliothek - nie verleihbar (54)</subfield><subfield code="e">Verfügbar (X)</subfield></datafield><datafield tag="980" ind1="0" ind2=" "><subfield code="a">00420947</subfield><subfield code="9">(PHFR)</subfield><subfield code="b">Handbibliothek (50)</subfield><subfield code="c">Paed M 170: 13 P a</subfield><subfield code="d">Handbibliothek - nie verleihbar (54)</subfield><subfield code="e">Verfügbar (X)</subfield></datafield><datafield tag="980" ind1="0" ind2=" "><subfield code="a">00420948</subfield><subfield code="9">(PHFR)</subfield><subfield code="b">Handbibliothek (50)</subfield><subfield code="c">Paed M 170: 13 P</subfield><subfield code="d">Handbibliothek - nie verleihbar (54)</subfield><subfield code="e">Verfügbar (X)</subfield></datafield></record>