
<record><leader>01998nam a2200000uuc4500</leader><controlfield tag="001">01407368</controlfield><controlfield tag="003">DE-Frei129</controlfield><controlfield tag="005">20220811084057.0</controlfield><controlfield tag="007">tu</controlfield><controlfield tag="008">110412s2010    ||||||||||||||||||||ger||</controlfield><datafield tag="020" ind1=" " ind2=" "><subfield code="a">9783619371204</subfield><subfield code="9">9783619371204</subfield></datafield><datafield tag="035" ind1=" " ind2=" "><subfield code="a">(DE-576)141022015X</subfield></datafield><datafield tag="041" ind1=" " ind2=" "><subfield code="a">ger</subfield></datafield><datafield tag="245" ind1="1" ind2="0"><subfield code="a">Rondo</subfield><subfield code="n">3, [Schülerbuch]</subfield><subfield code="c">von Karl-Heinz Keller; Rainer Sticher; Paul Reiner Zeck</subfield></datafield><datafield tag="250" ind1=" " ind2=" "><subfield code="a">[Nachdr.]</subfield></datafield><datafield tag="260" ind1="3" ind2=" "><subfield code="a">Offenburg</subfield><subfield code="b">Mildenberger</subfield><subfield code="c">2010</subfield></datafield><datafield tag="300" ind1=" " ind2=" "><subfield code="a">83 Seiten</subfield><subfield code="b">Ill., Noten</subfield></datafield><datafield tag="500" ind1=" " ind2=" "><subfield code="a">Archivierung/Langzeitarchivierung gewährleistet</subfield></datafield><datafield tag="773" ind1="0" ind2="8"><subfield code="w">(DE-Frei129)00128797</subfield><subfield code="q">13SCHU1142010</subfield></datafield><datafield tag="852" ind1=" " ind2=" "><subfield code="a">Frei 129</subfield><subfield code="b">PHFR</subfield><subfield code="c">LR 56942 R771 -3</subfield></datafield><datafield tag="980" ind1="0" ind2=" "><subfield code="a">00233994</subfield><subfield code="9">(PHFR)</subfield><subfield code="b">3.OG (37)</subfield><subfield code="c">LR 56942 R771 -3</subfield><subfield code="d">Standardleihe (01)</subfield><subfield code="e">Verfügbar (X)</subfield></datafield></record>