
<record><leader>04481nam a2200000uu 4500</leader><controlfield tag="001">01406585</controlfield><controlfield tag="003">DE-Frei129</controlfield><controlfield tag="005">20220811084057.0</controlfield><controlfield tag="007">tu</controlfield><controlfield tag="008">110623s2010    ||||||||||||||||||||ger||</controlfield><datafield tag="020" ind1=" " ind2=" "><subfield code="a">9783637886155</subfield><subfield code="9">9783637886155</subfield></datafield><datafield tag="035" ind1=" " ind2=" "><subfield code="a">(DE-576)66281438X</subfield></datafield><datafield tag="041" ind1=" " ind2=" "><subfield code="a">ger</subfield></datafield><datafield tag="044" ind1=" " ind2=" "><subfield code="c">XA-DE</subfield></datafield><datafield tag="245" ind1="1" ind2="0"><subfield code="a">Georg Büchner, Der hessische Landbote - Woyzeck</subfield><subfield code="b">Interpretation</subfield><subfield code="c">von Wilhelm Große</subfield></datafield><datafield tag="250" ind1=" " ind2=" "><subfield code="a">2., überarb. und korrigierte Aufl., unveränd. Nachdr.</subfield></datafield><datafield tag="260" ind1="3" ind2=" "><subfield code="a">München</subfield><subfield code="b">Oldenbourg-Schulbuchverl.</subfield><subfield code="c">2010</subfield></datafield><datafield tag="300" ind1=" " ind2=" "><subfield code="a">118  Seiten</subfield><subfield code="c">21 cm</subfield></datafield><datafield tag="490" ind1="1" ind2=" "><subfield code="a">Oldenbourg-Interpretationen</subfield><subfield code="v">6</subfield></datafield><datafield tag="500" ind1=" " ind2=" "><subfield code="a">Literaturverz. S. 109 - 113</subfield></datafield><datafield tag="500" ind1=" " ind2=" "><subfield code="a">IMD-Felder maschinell generiert (GBV)</subfield></datafield><datafield tag="630" ind1="0" ind2="7"><subfield code="a">Der hessische Landbote</subfield><subfield code="0">(DE-Frei129)02358933</subfield><subfield code="0">(DE-588)105772054</subfield><subfield code="2">gnd</subfield></datafield><datafield tag="630" ind1="0" ind2="7"><subfield code="a">Woyzeck</subfield><subfield code="0">(DE-Frei129)02358845</subfield><subfield code="0">(DE-588)105946419</subfield><subfield code="2">gnd</subfield></datafield><datafield tag="650" ind1=" " ind2="7"><subfield code="a">Deutschunterricht</subfield><subfield code="0">(DE-Frei129)00005880</subfield><subfield code="0">(DE-588)4011975-0</subfield><subfield code="2">gnd</subfield></datafield><datafield tag="689" ind1="0" ind2="0"><subfield code="0">(DE-588)105772054</subfield><subfield code="D">u</subfield><subfield code="a">Büchner, Georg &lt;1813-1837&gt;. Â&#156;DerÂ&#156; hessische Landbote (Pamphlet : 1877) </subfield></datafield><datafield tag="689" ind1="0" ind2="1"><subfield code="0">(DE-588)4011975-0</subfield><subfield code="D">s</subfield><subfield code="a">Deutschunterricht</subfield><subfield code="5">DE-101</subfield></datafield><datafield tag="689" ind1="1" ind2="0"><subfield code="0">(DE-588)105946419</subfield><subfield code="D">u</subfield><subfield code="a">Büchner, Georg &lt;1813-1837&gt;. Woyzeck (Drama : 1836-1837) </subfield></datafield><datafield tag="689" ind1="1" ind2="1"><subfield code="0">(DE-588)4011975-0</subfield><subfield code="D">s</subfield><subfield code="a">Deutschunterricht</subfield><subfield code="5">DE-101</subfield></datafield><datafield tag="700" ind1="1" ind2=" "><subfield code="0">(DE-588)120959860</subfield><subfield code="0">(DE-Frei129)00019806</subfield><subfield code="a">Große, Wilhelm</subfield><subfield code="4">aut</subfield></datafield><datafield tag="700" ind1="1" ind2=" "><subfield code="0">(DE-588)118516906</subfield><subfield code="0">(DE-Frei129)00008235</subfield><subfield code="a">Büchner, Georg</subfield><subfield code="4">aut</subfield></datafield><datafield tag="830" ind1=" " ind2="0"><subfield code="a">Oldenbourg-Interpretationen</subfield><subfield code="v">6</subfield><subfield code="w">(DE-Frei129)00082520</subfield><subfield code="9">16</subfield></datafield><datafield tag="852" ind1=" " ind2=" "><subfield code="a">Frei 129</subfield><subfield code="b">PHFR</subfield><subfield code="c">GL 3032 G878 (2)</subfield></datafield><datafield tag="980" ind1="0" ind2=" "><subfield code="a">00357474</subfield><subfield code="9">(PHFR)</subfield><subfield code="b">2.OG (35)</subfield><subfield code="c">GL 3032 G878 (2)</subfield><subfield code="d">Standardleihe (01)</subfield><subfield code="e">Verfügbar (X)</subfield></datafield></record>