
<record><leader>05732nam a2200000uu 4500</leader><controlfield tag="001">01406079</controlfield><controlfield tag="003">DE-Frei129</controlfield><controlfield tag="005">20220811084057.0</controlfield><controlfield tag="007">tu</controlfield><controlfield tag="008">100818s2010    ||||||||||||||||||||ger||</controlfield><datafield tag="016" ind1="7" ind2=" "><subfield code="a">1005538719</subfield><subfield code="2">DE-101</subfield></datafield><datafield tag="020" ind1=" " ind2=" "><subfield code="a">3643108796</subfield><subfield code="9">3643108796</subfield><subfield code="c">PB. : EUR 19.90, sfr 31.90 (freier Pr.)</subfield></datafield><datafield tag="020" ind1=" " ind2=" "><subfield code="a">9783643108791</subfield><subfield code="9">9783643108791</subfield><subfield code="c">: PB. : EUR 19.90, sfr 31.90 (freier Pr.)</subfield></datafield><datafield tag="035" ind1=" " ind2=" "><subfield code="a">(DE-576)633422118</subfield></datafield><datafield tag="035" ind1=" " ind2=" "><subfield code="a">(DE-576)633422118</subfield></datafield><datafield tag="041" ind1=" " ind2=" "><subfield code="a">ger</subfield></datafield><datafield tag="044" ind1=" " ind2=" "><subfield code="c">XA-DE-NW</subfield><subfield code="c">XA-AT</subfield><subfield code="c">XA-GB</subfield></datafield><datafield tag="245" ind1="1" ind2="0"><subfield code="a">Adipositas bei Kindern und Jugendlichen in Deutschland</subfield><subfield code="b">Überlegungen zur Prävention im Anschluss an das Modell der Salutogenese</subfield><subfield code="c">Angelina Faß</subfield></datafield><datafield tag="250" ind1=" " ind2=" "><subfield code="a">1. Aufl.</subfield></datafield><datafield tag="260" ind1="3" ind2=" "><subfield code="a">Berlin ; Münster</subfield><subfield code="b">Lit-Verl.</subfield><subfield code="c">2010</subfield></datafield><datafield tag="300" ind1=" " ind2=" "><subfield code="a">X, 113 Seiten</subfield><subfield code="b">graph. Darst.</subfield><subfield code="c">210 mm x 147 mm</subfield></datafield><datafield tag="490" ind1="1" ind2=" "><subfield code="a">Reform und Innovation </subfield><subfield code="v">15</subfield></datafield><datafield tag="500" ind1=" " ind2=" "><subfield code="a">Literatur- und URL-Verz. S. 102 - 113</subfield></datafield><datafield tag="500" ind1=" " ind2=" "><subfield code="a">IMD-Felder maschinell generiert (GBV)</subfield></datafield><datafield tag="650" ind1=" " ind2="7"><subfield code="a">Jugend</subfield><subfield code="0">(DE-Frei129)00001631</subfield><subfield code="0">(DE-588)4028859-6</subfield><subfield code="2">gnd</subfield></datafield><datafield tag="650" ind1=" " ind2="7"><subfield code="a">Kind</subfield><subfield code="0">(DE-Frei129)00001633</subfield><subfield code="0">(DE-588)4030550-8</subfield><subfield code="2">gnd</subfield></datafield><datafield tag="650" ind1=" " ind2="7"><subfield code="a">Fettsucht</subfield><subfield code="0">(DE-Frei129)00008042</subfield><subfield code="0">(DE-588)4016953-4</subfield><subfield code="2">gnd</subfield></datafield><datafield tag="650" ind1=" " ind2="7"><subfield code="a">Kind</subfield><subfield code="0">(DE-Frei129)00001633</subfield><subfield code="0">(DE-588)4030550-8</subfield><subfield code="2">gnd</subfield></datafield><datafield tag="650" ind1=" " ind2="7"><subfield code="a">Jugend</subfield><subfield code="0">(DE-Frei129)00001631</subfield><subfield code="0">(DE-588)4028859-6</subfield><subfield code="2">gnd</subfield></datafield><datafield tag="650" ind1=" " ind2="7"><subfield code="a">Fettsucht</subfield><subfield code="0">(DE-Frei129)00008042</subfield><subfield code="0">(DE-588)4016953-4</subfield><subfield code="2">gnd</subfield></datafield><datafield tag="651" ind1=" " ind2="7"><subfield code="a">Deutschland</subfield><subfield code="0">(DE-Frei129)00005806</subfield><subfield code="0">(DE-588)4011882-4</subfield><subfield code="2">gnd</subfield></datafield><datafield tag="689" ind1="0" ind2="0"><subfield code="0">(DE-588)4011882-4</subfield><subfield code="D">g</subfield><subfield code="a">Deutschland </subfield></datafield><datafield tag="689" ind1="0" ind2="1"><subfield code="0">(DE-588)4030550-8</subfield><subfield code="D">s</subfield><subfield code="a">Kind </subfield></datafield><datafield tag="689" ind1="0" ind2="2"><subfield code="0">(DE-588)4028859-6</subfield><subfield code="D">s</subfield><subfield code="a">Jugend </subfield></datafield><datafield tag="689" ind1="0" ind2="3"><subfield code="0">(DE-588)4016953-4</subfield><subfield code="D">s</subfield><subfield code="a">Fettsucht</subfield><subfield code="5">DE-101</subfield></datafield><datafield tag="700" ind1="1" ind2=" "><subfield code="0">(DE-Frei129)00471832</subfield><subfield code="a">Faß, Angelina</subfield><subfield code="4">aut</subfield></datafield><datafield tag="830" ind1=" " ind2="0"><subfield code="a">Reform und Innovation</subfield><subfield code="v">15</subfield><subfield code="w">(DE-Frei129)00262570</subfield><subfield code="9">215</subfield></datafield><datafield tag="852" ind1=" " ind2=" "><subfield code="a">Frei 129</subfield><subfield code="b">PHFR</subfield><subfield code="c">ZE 43300 F249</subfield></datafield><datafield tag="856" ind1="4" ind2=" "><subfield code="8">00</subfield><subfield code="u">http://deposit.d-nb.de/cgi-bin/dokserv?id=3522492&amp;prov=M&amp;dok_var=1&amp;dok_ext=htm</subfield><subfield code="y">Inhaltstext</subfield></datafield><datafield tag="980" ind1="0" ind2=" "><subfield code="a">00220411</subfield><subfield code="9">(PHFR)</subfield><subfield code="b">3.OG (37)</subfield><subfield code="c">ZE 43300 F249</subfield><subfield code="d">Standardleihe (01)</subfield><subfield code="e">Verfügbar (X)</subfield></datafield></record>