
<record><leader>02215nam a2200000uuc4500</leader><controlfield tag="001">01405852</controlfield><controlfield tag="003">DE-Frei129</controlfield><controlfield tag="005">20220811084058.0</controlfield><controlfield tag="007">tu</controlfield><controlfield tag="008">110217s2010    ||||||||||||||||||||ger||</controlfield><datafield tag="020" ind1=" " ind2=" "><subfield code="a">9783637006881</subfield><subfield code="9">978-3-637-00688-1</subfield></datafield><datafield tag="035" ind1=" " ind2=" "><subfield code="a">(DE-576)1407590278</subfield></datafield><datafield tag="041" ind1=" " ind2=" "><subfield code="a">ger</subfield></datafield><datafield tag="245" ind1="1" ind2="0"><subfield code="a">Die Matheprofis</subfield><subfield code="b">ein Mathematikbuch für die Grundschule</subfield><subfield code="n">3/4, Lehrermaterialien extra</subfield><subfield code="p">Lehrermaterialien extra, Baukasten Lernbeobachtungen und Leistungsfeststellung</subfield><subfield code="c">hrsg. von Sybille Schütte. Erarb. von Waltraud Haller ...</subfield></datafield><datafield tag="250" ind1=" " ind2=" "><subfield code="a">1. Aufl.</subfield></datafield><datafield tag="260" ind1="3" ind2=" "><subfield code="a">München</subfield><subfield code="b">Oldenbourg</subfield><subfield code="c">2010</subfield></datafield><datafield tag="300" ind1=" " ind2=" "><subfield code="a">116  Seiten</subfield><subfield code="b">Ill., graph. Darst.</subfield><subfield code="e">CD-ROM</subfield></datafield><datafield tag="773" ind1="0" ind2="8"><subfield code="w">(DE-Frei129)00265607</subfield><subfield code="q">3/4LEHREXT42010</subfield></datafield><datafield tag="980" ind1="0" ind2=" "><subfield code="a">00312386</subfield><subfield code="9">(PHFR)</subfield><subfield code="b">Handbibliothek (50)</subfield><subfield code="d">Handbibliothek - nie verleihbar (54)</subfield><subfield code="e">Verfügbar (X)</subfield></datafield><datafield tag="980" ind1="0" ind2=" "><subfield code="a">00312387</subfield><subfield code="9">(PHFR)</subfield><subfield code="b">Handbibliothek (50)</subfield><subfield code="d">Handbibliothek - nie verleihbar (54)</subfield><subfield code="e">Verfügbar (X)</subfield></datafield></record>