
<record><leader>03300nam a2200000uu 4500</leader><controlfield tag="001">01404818</controlfield><controlfield tag="003">DE-Frei129</controlfield><controlfield tag="005">20220811084058.0</controlfield><controlfield tag="007">tu</controlfield><controlfield tag="008">101227s2010    ||||||||||||||||||||ger||</controlfield><datafield tag="020" ind1=" " ind2=" "><subfield code="a">9783406604850</subfield><subfield code="9">9783406604850</subfield></datafield><datafield tag="035" ind1=" " ind2=" "><subfield code="a">(DE-576)1607057425</subfield></datafield><datafield tag="041" ind1=" " ind2=" "><subfield code="a">ger</subfield></datafield><datafield tag="044" ind1=" " ind2=" "><subfield code="c">XA-DE-BY</subfield></datafield><datafield tag="100" ind1="1" ind2=" "><subfield code="a">Rader, Olaf B.</subfield><subfield code="0">(DE-Frei129)00355204</subfield><subfield code="0">(DE-588)124941710</subfield></datafield><datafield tag="245" ind1="1" ind2="0"><subfield code="a">Friedrich II.</subfield><subfield code="b">der Sizilianer auf dem Kaiserthron; eine Biographie</subfield><subfield code="c">Olaf B. Rader</subfield></datafield><datafield tag="250" ind1=" " ind2=" "><subfield code="a">2., durchges. Aufl.</subfield></datafield><datafield tag="260" ind1="3" ind2=" "><subfield code="a">München</subfield><subfield code="b">Beck</subfield><subfield code="c">2010</subfield></datafield><datafield tag="300" ind1=" " ind2=" "><subfield code="a">592 Seiten</subfield><subfield code="b">Ill., graph. Darst., Kt.</subfield></datafield><datafield tag="500" ind1=" " ind2=" "><subfield code="a">Literaturverz. S. 569 - 584</subfield></datafield><datafield tag="600" ind1="1" ind2="7"><subfield code="0">(DE-Frei129)00148707</subfield><subfield code="0">(DE-588)118535765</subfield><subfield code="a">Friedrich, II., Heiliges Römisches Reich, Kaiser, II., Heiliges Römisches Reich, Kaiser</subfield><subfield code="2">gnd</subfield></datafield><datafield tag="655" ind1=" " ind2="7"><subfield code="a">Biographie</subfield><subfield code="0">(DE-Frei129)00000053</subfield><subfield code="2">local</subfield></datafield><datafield tag="689" ind1="0" ind2="0"><subfield code="0">(DE-588)118535765</subfield><subfield code="D">p</subfield><subfield code="a">Friedrich, II., Heiliges Römisches Reich, Kaiser, II., Heiliges Römisches Reich, Kaiser</subfield><subfield code="5">DE-101</subfield></datafield><datafield tag="852" ind1=" " ind2=" "><subfield code="a">Frei 129</subfield><subfield code="b">PHFR</subfield><subfield code="c">NM 7140 R127 (2)</subfield></datafield><datafield tag="856" ind1="4" ind2=" "><subfield code="8">00</subfield><subfield code="u">http://d-nb.info/1000097447/04</subfield><subfield code="y">Inhaltsverzeichnis</subfield></datafield><datafield tag="856" ind1="4" ind2=" "><subfield code="8">01</subfield><subfield code="u">https://www.hsozkult.de/publicationreview/id/rezbuecher-15517</subfield><subfield code="y">Verlagsinformation</subfield></datafield><datafield tag="980" ind1="0" ind2=" "><subfield code="a">00216649</subfield><subfield code="9">(PHFR)</subfield><subfield code="b">UG (33)</subfield><subfield code="c">NM 7140 R127 (2)</subfield><subfield code="d">Standardleihe (01)</subfield><subfield code="e">Verfügbar (X)</subfield></datafield></record>