
<record><leader>02375nam a2200000uu 4500</leader><controlfield tag="001">01404220</controlfield><controlfield tag="003">DE-Frei129</controlfield><controlfield tag="005">20220811084058.0</controlfield><controlfield tag="007">tu</controlfield><controlfield tag="008">101201s2010    ||||||||||||||||||||ger||</controlfield><datafield tag="020" ind1=" " ind2=" "><subfield code="a">9783789226830</subfield><subfield code="9">978-3-7892-2683-0</subfield></datafield><datafield tag="035" ind1=" " ind2=" "><subfield code="a">(DE-576)1606716638</subfield></datafield><datafield tag="041" ind1=" " ind2=" "><subfield code="a">ger</subfield></datafield><datafield tag="245" ind1="1" ind2="0"><subfield code="a">Unterrichtsmethoden Sekundarstufe</subfield><subfield code="b">aktuelle Unterrichtsmethoden für das eigenverantwortliche und das gemeinsame Arbeiten im Team -  mit Praxisbeispielen</subfield><subfield code="c">Wolfgang Schumann (Hrsg.)</subfield></datafield><datafield tag="250" ind1=" " ind2=" "><subfield code="a">Sonderausg.</subfield></datafield><datafield tag="260" ind1="3" ind2=" "><subfield code="a">München</subfield><subfield code="b">Olzog</subfield><subfield code="c">2010</subfield></datafield><datafield tag="300" ind1=" " ind2=" "><subfield code="a">108  Seiten</subfield><subfield code="b">Ill., graph. Darst.</subfield></datafield><datafield tag="490" ind1="1" ind2=" "><subfield code="a">Unterrichtsmethoden Sekundarstufe </subfield><subfield code="v">2010</subfield></datafield><datafield tag="700" ind1="1" ind2=" "><subfield code="0">(DE-Frei129)00050728</subfield><subfield code="a">Schumann, Wolfgang</subfield><subfield code="4">Hrsg.</subfield></datafield><datafield tag="830" ind1=" " ind2="0"><subfield code="a">Unterrichtsmethoden Sekundarstufe</subfield><subfield code="v">2010</subfield><subfield code="w">(DE-Frei129)01275047</subfield><subfield code="9">42010</subfield></datafield><datafield tag="852" ind1=" " ind2=" "><subfield code="a">Frei129</subfield><subfield code="c">Paed H 600: 75 ,2010</subfield></datafield><datafield tag="980" ind1="0" ind2=" "><subfield code="a">00211364</subfield><subfield code="9">(PHFR)</subfield><subfield code="b">EG-Anbau (32)</subfield><subfield code="c">Paed H 600: 75 ,2010</subfield><subfield code="d">Standardleihe (01)</subfield><subfield code="e">Verfügbar (X)</subfield></datafield></record>