
<record><leader>02380nam a2200000uuc4500</leader><controlfield tag="001">01404191</controlfield><controlfield tag="003">DE-Frei129</controlfield><controlfield tag="005">20220811084058.0</controlfield><controlfield tag="007">tu</controlfield><controlfield tag="008">101130s2010    ||||||||||||||||||||ger||</controlfield><datafield tag="020" ind1=" " ind2=" "><subfield code="a">9783464608210</subfield><subfield code="9">978-3-464-60821-0</subfield></datafield><datafield tag="035" ind1=" " ind2=" "><subfield code="a">(DE-576)1404251227</subfield></datafield><datafield tag="041" ind1=" " ind2=" "><subfield code="a">ger</subfield></datafield><datafield tag="245" ind1="1" ind2="0"><subfield code="a">Doppel-Klick</subfield><subfield code="b">das Sprach- und Lesebuch; für die Hauptschule</subfield><subfield code="n">2, Arbeitsheft A</subfield><subfield code="c">hrsg. von Renate Krull ... Erarb. von Werner Bentin...</subfield></datafield><datafield tag="250" ind1=" " ind2=" "><subfield code="a">2. Aufl., [Nachdr.]</subfield></datafield><datafield tag="260" ind1="3" ind2=" "><subfield code="a">Berlin</subfield><subfield code="b">Cornelsen</subfield><subfield code="c">2010</subfield></datafield><datafield tag="300" ind1=" " ind2=" "><subfield code="a">80  Seiten</subfield><subfield code="b">Ill., graph. Darst.</subfield><subfield code="e">Lösungen (16 S.)</subfield></datafield><datafield tag="500" ind1=" " ind2=" "><subfield code="a">5090 maschinell aus ähnlichen Titelaufnahmen ergänzt</subfield></datafield><datafield tag="773" ind1="0" ind2="8"><subfield code="w">(DE-Frei129)00280535</subfield><subfield code="q">12ARBA1242010</subfield></datafield><datafield tag="852" ind1=" " ind2=" "><subfield code="a">Frei 129</subfield><subfield code="b">PHFR</subfield><subfield code="c">GB 2996 II D658 A -2/1(2)</subfield></datafield><datafield tag="856" ind1="4" ind2=" "><subfield code="8">00</subfield><subfield code="u">http://swbplus.bsz-bw.de/bsz334251222cov.htm</subfield><subfield code="y">Cover</subfield></datafield><datafield tag="980" ind1="0" ind2=" "><subfield code="a">00426949</subfield><subfield code="9">(PHFR)</subfield><subfield code="b">Handbibliothek (50)</subfield><subfield code="c">Deu O 530: 9 A,2/1</subfield><subfield code="d">Handbibliothek - nie verleihbar (54)</subfield><subfield code="e">Verfügbar (X)</subfield></datafield></record>