
<record><leader>01729nam a2200000uuc4500</leader><controlfield tag="001">01403909</controlfield><controlfield tag="003">DE-Frei129</controlfield><controlfield tag="005">20220811084058.0</controlfield><controlfield tag="007">tu</controlfield><controlfield tag="008">101122s2010    ||||||||||||||||||||ger||</controlfield><datafield tag="035" ind1=" " ind2=" "><subfield code="a">(DE-576)1403841578</subfield></datafield><datafield tag="041" ind1=" " ind2=" "><subfield code="a">ger</subfield></datafield><datafield tag="044" ind1=" " ind2=" "><subfield code="c">XA-DE</subfield></datafield><datafield tag="245" ind1="1" ind2="0"><subfield code="a">Große Klassik für kleine Hörer</subfield><subfield code="b">eine musikalische Reise für Kinder in zwölf Geschichten</subfield><subfield code="n">[Beih.]</subfield><subfield code="c">von Peter Stangel. Taschenphilharmonie</subfield></datafield><datafield tag="260" ind1="3" ind2=" "><subfield code="a">Hamburg</subfield><subfield code="b">Die Zeit</subfield><subfield code="c">2010</subfield></datafield><datafield tag="300" ind1=" " ind2=" "><subfield code="a">[18]  Seiten</subfield></datafield><datafield tag="773" ind1="0" ind2="8"><subfield code="w">(DE-Frei129)01403830</subfield><subfield code="q">[Beih.]</subfield></datafield><datafield tag="852" ind1=" " ind2=" "><subfield code="a">Frei129</subfield><subfield code="c">CD 13/87-99 B</subfield></datafield><datafield tag="980" ind1="0" ind2=" "><subfield code="a">00339922</subfield><subfield code="9">(PHFR)</subfield><subfield code="b">3.OG (37)</subfield><subfield code="c">CD 13/87-99 B</subfield><subfield code="d">Kurzleihe 14 Tage (11)</subfield><subfield code="e">Verfügbar (X)</subfield></datafield></record>