
<record><leader>02434nam a2200000uuc4500</leader><controlfield tag="001">01403733</controlfield><controlfield tag="003">DE-Frei129</controlfield><controlfield tag="005">20220811084058.0</controlfield><controlfield tag="007">tu</controlfield><controlfield tag="008">101116s2010    ||||||||||||||||||||ger||</controlfield><datafield tag="020" ind1=" " ind2=" "><subfield code="a">9783507100114</subfield><subfield code="9">978-3-507-10011-4</subfield></datafield><datafield tag="035" ind1=" " ind2=" "><subfield code="a">(DE-576)1403561303</subfield></datafield><datafield tag="041" ind1=" " ind2=" "><subfield code="a">ger</subfield></datafield><datafield tag="245" ind1="1" ind2="0"><subfield code="a">Grundkurs Kunst</subfield><subfield code="b">[Materialien für den Sekundarbereich II]</subfield><subfield code="n">2</subfield><subfield code="p">Plastik, Skulptur, Objekt</subfield><subfield code="c">[hrsg. von] Michael Klant ...</subfield></datafield><datafield tag="250" ind1=" " ind2=" "><subfield code="a">[Nachdr.]</subfield></datafield><datafield tag="260" ind1="3" ind2=" "><subfield code="a">Hannover</subfield><subfield code="b">Schroedel-Schulbuchverl.</subfield><subfield code="c">2010</subfield></datafield><datafield tag="300" ind1=" " ind2=" "><subfield code="a">272  Seiten</subfield><subfield code="b">Ill.</subfield><subfield code="c">23 cm</subfield></datafield><datafield tag="500" ind1=" " ind2=" "><subfield code="a">IMD-Felder und 1131 maschinell ergänzt</subfield></datafield><datafield tag="773" ind1="0" ind2="8"><subfield code="w">(DE-Frei129)00255583</subfield><subfield code="q">1242010</subfield></datafield><datafield tag="852" ind1=" " ind2=" "><subfield code="a">Frei 129</subfield><subfield code="b">PHFR</subfield><subfield code="c">LH 61280 K63 G8 -2</subfield></datafield><datafield tag="980" ind1="0" ind2=" "><subfield code="a">00353255</subfield><subfield code="9">(PHFR)</subfield><subfield code="b">2.OG (35)</subfield><subfield code="c">LH 61280 K63 G8 -2+2</subfield><subfield code="d">Standardleihe (01)</subfield><subfield code="e">Verfügbar (X)</subfield></datafield><datafield tag="980" ind1="0" ind2=" "><subfield code="a">00353256</subfield><subfield code="9">(PHFR)</subfield><subfield code="b">2.OG (35)</subfield><subfield code="c">LH 61280 K63 G8 -2+4</subfield><subfield code="d">Standardleihe (01)</subfield><subfield code="e">Verfügbar (X)</subfield></datafield></record>