
<record><leader>02578nam a2200000uuc4500</leader><controlfield tag="001">01403652</controlfield><controlfield tag="003">DE-Frei129</controlfield><controlfield tag="005">20220811084058.0</controlfield><controlfield tag="007">tu</controlfield><controlfield tag="008">101111s2010    ||||||||||||||||||||ger||</controlfield><datafield tag="020" ind1=" " ind2=" "><subfield code="a">9783141201567</subfield><subfield code="9">9783141201567</subfield></datafield><datafield tag="024" ind1="3" ind2=" "><subfield code="a">9783141201567</subfield></datafield><datafield tag="035" ind1=" " ind2=" "><subfield code="a">(DE-576)1403381976</subfield></datafield><datafield tag="041" ind1=" " ind2=" "><subfield code="a">ger</subfield></datafield><datafield tag="245" ind1="1" ind2="0"><subfield code="a">Prologo</subfield><subfield code="b">Sprach-Lesebuch Deutsch</subfield><subfield code="n">2, [Schülerbd.]</subfield></datafield><datafield tag="250" ind1=" " ind2=" "><subfield code="a">Dr. A, [Nachdr.]</subfield></datafield><datafield tag="260" ind1="3" ind2=" "><subfield code="a">Braunschweig</subfield><subfield code="b">Westermann</subfield><subfield code="c">2010</subfield></datafield><datafield tag="300" ind1=" " ind2=" "><subfield code="a">272 Seiten</subfield><subfield code="b">Ill.</subfield></datafield><datafield tag="773" ind1="0" ind2="8"><subfield code="w">(DE-Frei129)01275906</subfield><subfield code="q">12SCHU1142010</subfield></datafield><datafield tag="852" ind1=" " ind2=" "><subfield code="a">Frei 129</subfield><subfield code="b">PHFR</subfield><subfield code="c">GB 2996 II P895 -2</subfield></datafield><datafield tag="980" ind1="0" ind2=" "><subfield code="a">00220582</subfield><subfield code="9">(PHFR)</subfield><subfield code="b">2.OG (35)</subfield><subfield code="c">GB 2996 II P895 -2+1</subfield><subfield code="d">Präsenzbestand II (51)</subfield><subfield code="e">Verfügbar (X)</subfield></datafield><datafield tag="980" ind1="0" ind2=" "><subfield code="a">00220618</subfield><subfield code="9">(PHFR)</subfield><subfield code="b">2.OG (35)</subfield><subfield code="c">GB 2996 II P895 -2</subfield><subfield code="d">Standardleihe (01)</subfield><subfield code="e">Verfügbar (X)</subfield></datafield><datafield tag="980" ind1="0" ind2=" "><subfield code="a">00312434</subfield><subfield code="9">(PHFR)</subfield><subfield code="b">Handbibliothek (50)</subfield><subfield code="c">Deu O 530: 11,2</subfield><subfield code="d">Handbibliothek - nie verleihbar (54)</subfield><subfield code="e">Verfügbar (X)</subfield></datafield></record>