
<record><leader>06498nam a2200000uu 4500</leader><controlfield tag="001">01403581</controlfield><controlfield tag="003">DE-Frei129</controlfield><controlfield tag="005">20220811084058.0</controlfield><controlfield tag="007">tu</controlfield><controlfield tag="008">100914s2010    |||||||||m||||||||||ger||</controlfield><datafield tag="015" ind1=" " ind2=" "><subfield code="a">10,A37</subfield></datafield><datafield tag="016" ind1="7" ind2=" "><subfield code="a">1004738250</subfield><subfield code="2">DE-101</subfield></datafield><datafield tag="020" ind1=" " ind2=" "><subfield code="a">9783881204972</subfield><subfield code="9">9783881204972</subfield><subfield code="c">kart. : EUR 19.80</subfield></datafield><datafield tag="035" ind1=" " ind2=" "><subfield code="a">(DE-576)635006235</subfield></datafield><datafield tag="041" ind1=" " ind2=" "><subfield code="a">ger</subfield></datafield><datafield tag="044" ind1=" " ind2=" "><subfield code="c">XA-DE</subfield></datafield><datafield tag="100" ind1="1" ind2=" "><subfield code="a">Zell, Simon</subfield><subfield code="0">(DE-Frei129)00471685</subfield></datafield><datafield tag="245" ind1="1" ind2="0"><subfield code="a">Fächerübergreifende Elemente im Mathematikunterricht zur Förderung von mathematical literacy</subfield><subfield code="b">Untersuchungen zur Bedeutung naturwissenschaftlicher Kontexte unter besonderer Berücksichtigung physikalischer Experimente zum Variablenbegriff</subfield><subfield code="c">Simon Zell</subfield></datafield><datafield tag="260" ind1="3" ind2=" "><subfield code="a">Hildesheim ; Berlin</subfield><subfield code="b">Verl. Franzbecker</subfield><subfield code="c">c 2010</subfield></datafield><datafield tag="300" ind1=" " ind2=" "><subfield code="a">V, 233 Seiten</subfield><subfield code="b">Ill., graph. Darst.</subfield><subfield code="c">21 cm</subfield></datafield><datafield tag="490" ind1="1" ind2=" "><subfield code="a">Texte zur mathematischen Forschung und Lehre </subfield><subfield code="v">70</subfield></datafield><datafield tag="500" ind1=" " ind2=" "><subfield code="a">Schwäbisch Gmünd</subfield></datafield><datafield tag="500" ind1=" " ind2=" "><subfield code="a">IMD-Felder maschinell generiert (GBV)</subfield></datafield><datafield tag="502" ind1=" " ind2=" "><subfield code="a">Zugl.: Schwäbisch Gmünd, Pädagog. Hochsch., Diss., 2010</subfield></datafield><datafield tag="650" ind1=" " ind2="7"><subfield code="a">Mathematikunterricht</subfield><subfield code="0">(DE-Frei129)00016130</subfield><subfield code="0">(DE-588)4037949-8</subfield><subfield code="2">gnd</subfield></datafield><datafield tag="650" ind1=" " ind2="7"><subfield code="a">Schreib- und Lesefähigkeit</subfield><subfield code="0">(DE-Frei129)00027157</subfield><subfield code="0">(DE-588)4481193-7</subfield><subfield code="2">gnd</subfield></datafield><datafield tag="650" ind1=" " ind2="7"><subfield code="a">Fächerübergreifender Unterricht</subfield><subfield code="0">(DE-Frei129)00056407</subfield><subfield code="0">(DE-588)4153520-0</subfield><subfield code="2">gnd</subfield></datafield><datafield tag="650" ind1=" " ind2="7"><subfield code="a">Mathematikunterricht</subfield><subfield code="0">(DE-Frei129)00016130</subfield><subfield code="0">(DE-588)4037949-8</subfield><subfield code="2">gnd</subfield></datafield><datafield tag="650" ind1=" " ind2="7"><subfield code="a">Fächerübergreifender Unterricht</subfield><subfield code="0">(DE-Frei129)00056407</subfield><subfield code="0">(DE-588)4153520-0</subfield><subfield code="2">gnd</subfield></datafield><datafield tag="650" ind1=" " ind2="7"><subfield code="a">Schreib- und Lesefähigkeit</subfield><subfield code="0">(DE-Frei129)00027157</subfield><subfield code="0">(DE-588)4481193-7</subfield><subfield code="2">gnd</subfield></datafield><datafield tag="650" ind1=" " ind2="7"><subfield code="a">Fachdidaktik</subfield><subfield code="0">(DE-Frei129)00040269</subfield><subfield code="0">(DE-588)4123176-4</subfield><subfield code="2">gnd</subfield></datafield><datafield tag="650" ind1=" " ind2="7"><subfield code="a">Parameter</subfield><subfield code="x">Mathematik</subfield><subfield code="0">(DE-Frei129)00130151</subfield><subfield code="0">(DE-588)4293830-2</subfield><subfield code="2">gnd</subfield></datafield><datafield tag="651" ind1=" " ind2="7"><subfield code="a">Mathematik</subfield><subfield code="0">(DE-Frei129)00757641</subfield><subfield code="2">local</subfield></datafield><datafield tag="689" ind1="0" ind2="0"><subfield code="0">(DE-588)4037949-8</subfield><subfield code="D">s</subfield><subfield code="a">Mathematikunterricht </subfield></datafield><datafield tag="689" ind1="0" ind2="1"><subfield code="0">(DE-588)4153520-0</subfield><subfield code="D">s</subfield><subfield code="a">Fächerübergreifender Unterricht </subfield></datafield><datafield tag="689" ind1="0" ind2="2"><subfield code="0">(DE-588)4481193-7</subfield><subfield code="D">s</subfield><subfield code="a">Schreib- und Lesefähigkeit</subfield><subfield code="5">DE-101</subfield></datafield><datafield tag="689" ind1="1" ind2="0"><subfield code="0">(DE-588)4123176-4</subfield><subfield code="D">s</subfield><subfield code="a">Fachdidaktik </subfield></datafield><datafield tag="689" ind1="1" ind2="1"><subfield code="0">(DE-588)4293830-2</subfield><subfield code="D">s</subfield><subfield code="a">Parameter / Mathematik </subfield></datafield><datafield tag="689" ind1="1" ind2="2"><subfield code="A">s</subfield><subfield code="a">Mathematik</subfield><subfield code="5">DE-101</subfield></datafield><datafield tag="830" ind1=" " ind2="0"><subfield code="a">Texte zur mathematischen Forschung und Lehre</subfield><subfield code="v">70</subfield><subfield code="w">(DE-Frei129)00160726</subfield><subfield code="9">270</subfield></datafield><datafield tag="852" ind1=" " ind2=" "><subfield code="a">Frei 129</subfield><subfield code="b">PHFR</subfield><subfield code="c">Math N 90: 23</subfield></datafield><datafield tag="856" ind1="4" ind2=" "><subfield code="8">00</subfield><subfield code="u">http://d-nb.info/1004738250/04</subfield><subfield code="y">Kurzbeschreibung des Verlags</subfield></datafield><datafield tag="980" ind1="0" ind2=" "><subfield code="a">00404422</subfield><subfield code="9">(PHFR)</subfield><subfield code="b">UG (33)</subfield><subfield code="c">Math N 90: 23</subfield><subfield code="d">Standardleihe (01)</subfield><subfield code="e">Verfügbar (X)</subfield></datafield></record>