
<record><leader>04208nam a2200000uu 4500</leader><controlfield tag="001">01403544</controlfield><controlfield tag="003">DE-Frei129</controlfield><controlfield tag="005">20220811084058.0</controlfield><controlfield tag="007">tu</controlfield><controlfield tag="008">101105s2010    ||||||||||||||||||||ger||</controlfield><datafield tag="020" ind1=" " ind2=" "><subfield code="a">9783789226847</subfield><subfield code="9">978-3-7892-2684-7</subfield></datafield><datafield tag="035" ind1=" " ind2=" "><subfield code="a">(DE-576)1606274384</subfield></datafield><datafield tag="041" ind1=" " ind2=" "><subfield code="a">ger</subfield></datafield><datafield tag="044" ind1=" " ind2=" "><subfield code="c">XA-DE</subfield></datafield><datafield tag="245" ind1="1" ind2="0"><subfield code="a">Unterrichtsmethoden in der Grundschule</subfield><subfield code="b">aktuelle und innovative Unterrichtsmethoden mit Praxisbeispielen</subfield><subfield code="c">Wolfgang Schumann (Hrsg.)</subfield></datafield><datafield tag="250" ind1=" " ind2=" "><subfield code="a">Sonderausgabe</subfield></datafield><datafield tag="260" ind1="3" ind2=" "><subfield code="a">München</subfield><subfield code="b">Olzog</subfield><subfield code="c">2010</subfield></datafield><datafield tag="300" ind1=" " ind2=" "><subfield code="a">104  Seiten</subfield><subfield code="b">Ill., graph. Darst.</subfield><subfield code="c">29 cm</subfield></datafield><datafield tag="490" ind1="0" ind2=" "><subfield code="a">Kreative Ideenbörse </subfield><subfield code="v"> Sonderh.</subfield></datafield><datafield tag="490" ind1="1" ind2=" "><subfield code="a">Grundschule </subfield><subfield code="v">2010</subfield></datafield><datafield tag="650" ind1=" " ind2="7"><subfield code="a">Fächerübergreifender Unterricht</subfield><subfield code="0">(DE-Frei129)00056407</subfield><subfield code="0">(DE-588)4153520-0</subfield><subfield code="2">gnd</subfield></datafield><datafield tag="650" ind1=" " ind2="7"><subfield code="a">Grundschule</subfield><subfield code="0">(DE-Frei129)00010240</subfield><subfield code="0">(DE-588)4022349-8</subfield><subfield code="2">gnd</subfield></datafield><datafield tag="650" ind1=" " ind2="7"><subfield code="a">Grundschule</subfield><subfield code="0">(DE-Frei129)00010240</subfield><subfield code="0">(DE-588)4022349-8</subfield><subfield code="2">gnd</subfield></datafield><datafield tag="650" ind1=" " ind2="7"><subfield code="a">Fächerübergreifender Unterricht</subfield><subfield code="0">(DE-Frei129)00056407</subfield><subfield code="0">(DE-588)4153520-0</subfield><subfield code="2">gnd</subfield></datafield><datafield tag="655" ind1=" " ind2="7"><subfield code="a">Lehrmittel</subfield><subfield code="0">(DE-Frei129)00000023</subfield><subfield code="2">local</subfield></datafield><datafield tag="689" ind1="0" ind2="0"><subfield code="0">(DE-588)4153520-0</subfield><subfield code="D">s</subfield><subfield code="a">Fächerübergreifender Unterricht </subfield></datafield><datafield tag="689" ind1="0" ind2="1"><subfield code="0">(DE-588)4022349-8</subfield><subfield code="D">s</subfield><subfield code="a">Grundschule </subfield></datafield><datafield tag="689" ind1="0" ind2="2"><subfield code="A">s</subfield><subfield code="a">Lehrmittel</subfield><subfield code="5">DE-101</subfield></datafield><datafield tag="700" ind1="1" ind2=" "><subfield code="0">(DE-Frei129)00050728</subfield><subfield code="a">Schumann, Wolfgang</subfield><subfield code="4">Hrsg.</subfield></datafield><datafield tag="830" ind1=" " ind2="0"><subfield code="a">Grundschule</subfield><subfield code="v">2010</subfield><subfield code="w">(DE-Frei129)01275049</subfield><subfield code="9">42010</subfield></datafield><datafield tag="852" ind1=" " ind2=" "><subfield code="a">Frei 129</subfield><subfield code="b">PHFR</subfield><subfield code="c">Paed M 40: 79,2010</subfield></datafield><datafield tag="980" ind1="0" ind2=" "><subfield code="a">00211387</subfield><subfield code="9">(PHFR)</subfield><subfield code="b">EG-Anbau (32)</subfield><subfield code="c">Paed M 40: 79 ,2010</subfield><subfield code="d">Standardleihe (01)</subfield><subfield code="e">Verfügbar (X)</subfield></datafield></record>