
<record><leader>02015nam a2200000uuc4500</leader><controlfield tag="001">01402883</controlfield><controlfield tag="003">DE-Frei129</controlfield><controlfield tag="005">20220811084058.0</controlfield><controlfield tag="007">tu</controlfield><controlfield tag="008">101012s2010    ||||||||||||||||||||eng||</controlfield><datafield tag="020" ind1=" " ind2=" "><subfield code="a">9780582429758</subfield><subfield code="9">9780582429758</subfield></datafield><datafield tag="024" ind1="3" ind2=" "><subfield code="a">9780582459758</subfield></datafield><datafield tag="035" ind1=" " ind2=" "><subfield code="a">(DE-576)1401440940</subfield></datafield><datafield tag="041" ind1=" " ind2=" "><subfield code="a">eng</subfield></datafield><datafield tag="245" ind1="1" ind2="0"><subfield code="a">How to teach pronunciation</subfield><subfield code="n">Buch</subfield><subfield code="c">Gerald Kelly</subfield></datafield><datafield tag="250" ind1=" " ind2=" "><subfield code="a">12. impr.</subfield></datafield><datafield tag="260" ind1="3" ind2=" "><subfield code="a">Harlow</subfield><subfield code="b">Longman</subfield><subfield code="c">2010</subfield></datafield><datafield tag="300" ind1=" " ind2=" "><subfield code="a">VI, 154  Seiten</subfield><subfield code="b">Ill., graph. Darst.</subfield></datafield><datafield tag="490" ind1="0" ind2=" "><subfield code="a">How to... series</subfield></datafield><datafield tag="773" ind1="0" ind2="8"><subfield code="w">(DE-Frei129)00235642</subfield><subfield code="q">BUCH42010</subfield></datafield><datafield tag="852" ind1=" " ind2=" "><subfield code="a">Frei 129</subfield><subfield code="b">PHFR</subfield><subfield code="c">HD 198 K29</subfield></datafield><datafield tag="980" ind1="0" ind2=" "><subfield code="a">00015767</subfield><subfield code="9">(PHFR)</subfield><subfield code="b">2.OG (35)</subfield><subfield code="c">HD 198 K29</subfield><subfield code="d">Standardleihe (01)</subfield><subfield code="e">Verfügbar (X)</subfield></datafield></record>