
<record><leader>05055nam a2200000uu 4500</leader><controlfield tag="001">01401749</controlfield><controlfield tag="003">DE-Frei129</controlfield><controlfield tag="005">20220811084058.0</controlfield><controlfield tag="007">tu</controlfield><controlfield tag="008">100716s2010    ||||||||||||||||||||ger||</controlfield><datafield tag="015" ind1=" " ind2=" "><subfield code="a">10,A30</subfield></datafield><datafield tag="016" ind1="7" ind2=" "><subfield code="a">1004179227</subfield><subfield code="2">DE-101</subfield></datafield><datafield tag="020" ind1=" " ind2=" "><subfield code="a">9783401097244</subfield><subfield code="9">9783401097244</subfield><subfield code="c">Pp. : EUR 14.95</subfield></datafield><datafield tag="035" ind1=" " ind2=" "><subfield code="a">(DE-576)631274324</subfield></datafield><datafield tag="041" ind1=" " ind2=" "><subfield code="a">ger</subfield></datafield><datafield tag="044" ind1=" " ind2=" "><subfield code="c">XA-DE</subfield></datafield><datafield tag="100" ind1="1" ind2=" "><subfield code="a">Schettler, Heike</subfield><subfield code="0">(DE-Frei129)58047353</subfield><subfield code="0">(DE-588)172811791</subfield></datafield><datafield tag="245" ind1="1" ind2="4"><subfield code="a">Das große Forscherbuch für Grundschulkinder</subfield><subfield code="b">spannende Experimente zum Entdecken und Verstehen der Naturwissenschaften</subfield><subfield code="c">Heike Schettler. [Ill. ...: Uwe Mayer ...]</subfield></datafield><datafield tag="250" ind1=" " ind2=" "><subfield code="a">1. Aufl.</subfield></datafield><datafield tag="260" ind1="3" ind2=" "><subfield code="a">Würzburg</subfield><subfield code="b">Arena</subfield><subfield code="c">2010</subfield></datafield><datafield tag="300" ind1=" " ind2=" "><subfield code="a">95 Seiten</subfield><subfield code="b">zahlr. Ill., graph. Darst., Kt.</subfield><subfield code="c">26 cm</subfield></datafield><datafield tag="500" ind1=" " ind2=" "><subfield code="a">IMD-Felder maschinell generiert (GBV)</subfield></datafield><datafield tag="520" ind1=" " ind2=" "><subfield code="a">Aufgeteilt in 5 Bereiche (Wasser, Luft, Elektrizität, Magnetismus und Energieerzeugung) präsentiert Heike Schettler über 60 spannende Experimente aus dem Bereich der Naturwissenschaften. Angesprochen sind Schulkinder ab 7 Jahren und deren Eltern. Die Versuche sind kindgerecht, viele sollten aber nur mithilfe eines Erwachsenen durchgeführt werden. Zahlreiche Fotos, Illustrationen und farblich hervorgehobene Info-Kästchen lockern den Text auf und machen Lust auf mehr. Jedes Experiment wird ausführlich erklärt, auch die Erklärungen sind gut verständlich und sollen zum weiteren Überlegen und Ausprobieren anregen. Jedes der 5 Kapitel ist zusätzlich gespickt mit einer Geschichte &quot;zum Weiterlesen&quot;, einem Versuch mit Eiswürfeln folgt beispielsweise auf einer Doppelseite der Untergang der Titanic. Trotz der grossen Titelauswahl in diesem Bereich breit empfohlen, insbesondere auch für Schulbibliotheken. Ab 7</subfield></datafield><datafield tag="650" ind1=" " ind2="7"><subfield code="a">Naturwissenschaften</subfield><subfield code="0">(DE-Frei129)00002042</subfield><subfield code="0">(DE-588)4041421-8</subfield><subfield code="2">gnd</subfield></datafield><datafield tag="650" ind1=" " ind2="7"><subfield code="a">Experiment</subfield><subfield code="0">(DE-Frei129)00007615</subfield><subfield code="0">(DE-588)4015999-1</subfield><subfield code="2">gnd</subfield></datafield><datafield tag="650" ind1=" " ind2="7"><subfield code="a">Experiment</subfield><subfield code="0">(DE-Frei129)00007615</subfield><subfield code="0">(DE-588)4015999-1</subfield><subfield code="2">gnd</subfield></datafield><datafield tag="650" ind1=" " ind2="7"><subfield code="a">Naturwissenschaften</subfield><subfield code="0">(DE-Frei129)00002042</subfield><subfield code="0">(DE-588)4041421-8</subfield><subfield code="2">gnd</subfield></datafield><datafield tag="689" ind1="0" ind2="0"><subfield code="0">(DE-588)4015999-1</subfield><subfield code="D">s</subfield><subfield code="a">Experiment </subfield></datafield><datafield tag="689" ind1="0" ind2="1"><subfield code="0">(DE-588)4041421-8</subfield><subfield code="D">s</subfield><subfield code="a">Naturwissenschaften</subfield><subfield code="5">DE-101</subfield></datafield><datafield tag="700" ind1="1" ind2=" "><subfield code="0">(DE-588)140811230</subfield><subfield code="0">(DE-Frei129)58047354</subfield><subfield code="a">Mayer, Uwe</subfield><subfield code="4">oth</subfield></datafield><datafield tag="852" ind1=" " ind2=" "><subfield code="a">Frei 129</subfield><subfield code="b">PHFR</subfield><subfield code="c">ED 5430 S327</subfield></datafield><datafield tag="980" ind1="0" ind2=" "><subfield code="a">00383851</subfield><subfield code="9">(PHFR)</subfield><subfield code="b">Handbibliothek (50)</subfield><subfield code="c">JuLi G 330: 14</subfield><subfield code="d">Handbibliothek - nie verleihbar (54)</subfield><subfield code="e">Verfügbar (X)</subfield></datafield></record>