
<record><leader>02674nam a2200000uuc4500</leader><controlfield tag="001">01400833</controlfield><controlfield tag="003">DE-Frei129</controlfield><controlfield tag="005">20220811084058.0</controlfield><controlfield tag="007">tu</controlfield><controlfield tag="008">100716s2010    ||||||||||||||||||||eng||</controlfield><datafield tag="020" ind1=" " ind2=" "><subfield code="a">9783125811553</subfield><subfield code="9">9783125811553</subfield></datafield><datafield tag="035" ind1=" " ind2=" "><subfield code="a">(DE-576)1396125876</subfield></datafield><datafield tag="041" ind1=" " ind2=" "><subfield code="a">eng</subfield><subfield code="a">ger</subfield></datafield><datafield tag="245" ind1="1" ind2="0"><subfield code="a">Red Line</subfield><subfield code="b">[Unterrichtswerk für Realschulen]</subfield><subfield code="n">5, Workbook</subfield><subfield code="p">Workbook mit Audio-CD</subfield><subfield code="c">Hrsg.: Frank Haß</subfield></datafield><datafield tag="250" ind1=" " ind2=" "><subfield code="a">1. Aufl.</subfield></datafield><datafield tag="260" ind1="3" ind2=" "><subfield code="a">Stuttgart ; Leipzig</subfield><subfield code="b">Klett</subfield><subfield code="c">2010</subfield></datafield><datafield tag="300" ind1=" " ind2=" "><subfield code="a">88 Seiten</subfield></datafield><datafield tag="500" ind1=" " ind2=" "><subfield code="a">Archivierung/Langzeitarchivierung gewährleistet</subfield></datafield><datafield tag="773" ind1="0" ind2="8"><subfield code="w">(DE-Frei129)00944132</subfield><subfield code="q">15WORKCD1142010</subfield></datafield><datafield tag="787" ind1="0" ind2="8"><subfield code="i">CD u.d.Titel</subfield><subfield code="t">Audio-CD für Schüler</subfield><subfield code="w">(DE-Frei129)01400835</subfield><subfield code="w">(DE-576)1396126678</subfield></datafield><datafield tag="852" ind1=" " ind2=" "><subfield code="a">Frei 129</subfield><subfield code="b">PHFR</subfield><subfield code="c">HD 220 II R312 A -5</subfield></datafield><datafield tag="980" ind1="0" ind2=" "><subfield code="a">00357582</subfield><subfield code="9">(PHFR)</subfield><subfield code="b">Handbibliothek (50)</subfield><subfield code="c">Fre O 150: 2 W,5 a</subfield><subfield code="d">Handbibliothek - nie verleihbar (54)</subfield><subfield code="e">Verfügbar (X)</subfield></datafield><datafield tag="980" ind1="0" ind2=" "><subfield code="a">00357585</subfield><subfield code="9">(PHFR)</subfield><subfield code="b">Handbibliothek (50)</subfield><subfield code="c">Fre O 150: 2 W,5</subfield><subfield code="d">Handbibliothek - nie verleihbar (54)</subfield><subfield code="e">Verfügbar (X)</subfield></datafield></record>