
<record><leader>02363nam a2200000uuc4500</leader><controlfield tag="001">01400279</controlfield><controlfield tag="003">DE-Frei129</controlfield><controlfield tag="005">20220811084058.0</controlfield><controlfield tag="007">tu</controlfield><controlfield tag="008">100624s2010    ||||||||||||||||||||ger||</controlfield><datafield tag="020" ind1=" " ind2=" "><subfield code="a">9783427017080</subfield><subfield code="9">978-3-427-01708-0</subfield></datafield><datafield tag="035" ind1=" " ind2=" "><subfield code="a">(DE-576)1395027129</subfield></datafield><datafield tag="041" ind1=" " ind2=" "><subfield code="a">ger</subfield></datafield><datafield tag="245" ind1="1" ind2="0"><subfield code="a">Multi</subfield><subfield code="b">Mathematik. Mathematik für die Grundschule in Baden-Württemberg</subfield><subfield code="n">4, [Schülerbuch]</subfield><subfield code="p">KMK-Standards Klasse 4</subfield><subfield code="c">Hrsg.: Günter Hagmaier ...</subfield></datafield><datafield tag="250" ind1=" " ind2=" "><subfield code="a">Neuaufl.</subfield></datafield><datafield tag="260" ind1="3" ind2=" "><subfield code="a">Troisdorf</subfield><subfield code="b">Bildungsverl. EINS Konkordia</subfield><subfield code="c">2010</subfield></datafield><datafield tag="300" ind1=" " ind2=" "><subfield code="a">134  Seiten</subfield><subfield code="e">1 Beil.</subfield></datafield><datafield tag="773" ind1="0" ind2="8"><subfield code="w">(DE-Frei129)00994945</subfield><subfield code="q">14SCHU42010</subfield></datafield><datafield tag="852" ind1=" " ind2=" "><subfield code="a">Frei129</subfield><subfield code="c">Math O 200: 74 ,4</subfield></datafield><datafield tag="980" ind1="0" ind2=" "><subfield code="a">00217940</subfield><subfield code="9">(PHFR)</subfield><subfield code="b">UG (33)</subfield><subfield code="c">Math O 200: 74 ,4 a</subfield><subfield code="d">Präsenzbestand II (51)</subfield><subfield code="e">Verfügbar (X)</subfield></datafield><datafield tag="980" ind1="0" ind2=" "><subfield code="a">00217947</subfield><subfield code="9">(PHFR)</subfield><subfield code="b">UG (33)</subfield><subfield code="c">Math O 200: 74 ,4</subfield><subfield code="d">Standardleihe (01)</subfield><subfield code="e">ausgeliehen (A) - Fälligkeitsdatum: 25.07.2022</subfield><subfield code="x">Ex. a = Präsenzbestand</subfield></datafield></record>