
<record><leader>02622nam a2200000uuc4500</leader><controlfield tag="001">01398649</controlfield><controlfield tag="003">DE-Frei129</controlfield><controlfield tag="005">20220811084058.0</controlfield><controlfield tag="007">tu</controlfield><controlfield tag="008">100427s2010    ||||||||||||||||||||ger||</controlfield><datafield tag="020" ind1=" " ind2=" "><subfield code="a">9783425144016</subfield><subfield code="9">9783425144016</subfield></datafield><datafield tag="020" ind1=" " ind2=" "><subfield code="a">9783425144023</subfield><subfield code="9">9783425144023</subfield><subfield code="c">Beil.</subfield></datafield><datafield tag="035" ind1=" " ind2=" "><subfield code="a">(DE-576)1392326540</subfield></datafield><datafield tag="041" ind1=" " ind2=" "><subfield code="a">ger</subfield></datafield><datafield tag="245" ind1="1" ind2="0"><subfield code="a">Bausteine Lesebuch</subfield><subfield code="n">4, [Hauptbd.]</subfield><subfield code="c">erarb. von Hannelore Daubert ...</subfield></datafield><datafield tag="260" ind1="3" ind2=" "><subfield code="a">Braunschweig</subfield><subfield code="b">Diesterweg / Salle</subfield><subfield code="c">2010</subfield></datafield><datafield tag="300" ind1=" " ind2=" "><subfield code="a">239 Seiten</subfield><subfield code="b">Ill.</subfield></datafield><datafield tag="500" ind1=" " ind2=" "><subfield code="a">Hier auch später erschienene, unveränderte Nachdrucke</subfield></datafield><datafield tag="773" ind1="0" ind2="8"><subfield code="w">(DE-Frei129)01340741</subfield><subfield code="q">14HAUP</subfield></datafield><datafield tag="787" ind1="0" ind2="8"><subfield code="i">Beilage</subfield><subfield code="t">Quiesels Tipps und Tricks</subfield><subfield code="w">(DE-Frei129)01398650</subfield><subfield code="w">(DE-576)1392327482</subfield></datafield><datafield tag="852" ind1=" " ind2=" "><subfield code="a">Frei 129</subfield><subfield code="b">PHFR</subfield><subfield code="c">GB 3000 I D235 -4</subfield></datafield><datafield tag="980" ind1="0" ind2=" "><subfield code="a">00349456</subfield><subfield code="9">(PHFR)</subfield><subfield code="b">2.OG (35)</subfield><subfield code="c">GB 3000 I D235 -4</subfield><subfield code="d">Standardleihe (01)</subfield><subfield code="e">Verfügbar (X)</subfield></datafield><datafield tag="980" ind1="0" ind2=" "><subfield code="a">00349457</subfield><subfield code="9">(PHFR)</subfield><subfield code="b">2.OG (35)</subfield><subfield code="c">GB 3000 I D235 -4+1</subfield><subfield code="d">Präsenzbestand II (51)</subfield><subfield code="e">Verfügbar (X)</subfield></datafield></record>