
<record><leader>02299nam a2200000uuc4500</leader><controlfield tag="001">01398341</controlfield><controlfield tag="003">DE-Frei129</controlfield><controlfield tag="005">20220811084058.0</controlfield><controlfield tag="007">tu</controlfield><controlfield tag="008">100416s2010    ||||||||||||||||||||ger||</controlfield><datafield tag="020" ind1=" " ind2=" "><subfield code="a">9783425720555</subfield><subfield code="9">9783425720555</subfield></datafield><datafield tag="035" ind1=" " ind2=" "><subfield code="a">(DE-576)139192651X</subfield></datafield><datafield tag="041" ind1=" " ind2=" "><subfield code="a">ger</subfield><subfield code="a">eng</subfield></datafield><datafield tag="245" ind1="1" ind2="0"><subfield code="a">Portobello Road</subfield><subfield code="n">5, Teacher&apos;s manual</subfield><subfield code="p">Mit Kopiervorlagen und Workbook-Lösungsheft ; für Klasse 9 / erarb. von: Caroline Byrt ...</subfield><subfield code="c">[Hrsg. der bisherigen Reihe Christoph Edelhoff. Erarb. von Ruth Barker ...]</subfield></datafield><datafield tag="260" ind1="3" ind2=" "><subfield code="a">Braunschweig</subfield><subfield code="b">Diesterweg / Salle</subfield><subfield code="c">2010</subfield></datafield><datafield tag="300" ind1=" " ind2=" "><subfield code="a">264, 32 Seiten</subfield><subfield code="c">32 cm</subfield></datafield><datafield tag="773" ind1="0" ind2="8"><subfield code="w">(DE-Frei129)00944129</subfield><subfield code="q">15TEAC</subfield></datafield><datafield tag="852" ind1=" " ind2=" "><subfield code="a">Frei 129</subfield><subfield code="b">PHFR</subfield><subfield code="c">HD 220 II P853 L -5(N)</subfield></datafield><datafield tag="980" ind1="0" ind2=" "><subfield code="a">00214134</subfield><subfield code="9">(PHFR)</subfield><subfield code="b">2.OG (35)</subfield><subfield code="c">HD 220 II P853 L -5(N)</subfield><subfield code="d">Standardleihe (01)</subfield><subfield code="e">Verfügbar (X)</subfield></datafield><datafield tag="980" ind1="0" ind2=" "><subfield code="a">00214140</subfield><subfield code="9">(PHFR)</subfield><subfield code="b">2.OG (35)</subfield><subfield code="c">HD 220 II P853 L -5(N)+1</subfield><subfield code="d">Präsenzbestand II (51)</subfield><subfield code="e">Verfügbar (X)</subfield></datafield></record>