
<record><leader>03830nam a2200000uu 4500</leader><controlfield tag="001">01395579</controlfield><controlfield tag="003">DE-Frei129</controlfield><controlfield tag="005">20220811084058.0</controlfield><controlfield tag="007">tu</controlfield><controlfield tag="008">091218s2010    ||||||||||||||||||||ger||</controlfield><datafield tag="015" ind1=" " ind2=" "><subfield code="a">10,A03</subfield></datafield><datafield tag="016" ind1="7" ind2=" "><subfield code="a">99904172X</subfield><subfield code="2">DE-101</subfield></datafield><datafield tag="020" ind1=" " ind2=" "><subfield code="a">9783582048004</subfield><subfield code="9">9783582048004</subfield><subfield code="c">Pp. : EUR 46.80</subfield></datafield><datafield tag="035" ind1=" " ind2=" "><subfield code="a">(DE-576)615349862</subfield></datafield><datafield tag="041" ind1=" " ind2=" "><subfield code="a">ger</subfield></datafield><datafield tag="044" ind1=" " ind2=" "><subfield code="c">XA-DE-HH</subfield><subfield code="c">XA-DE</subfield></datafield><datafield tag="245" ind1="1" ind2="0"><subfield code="a">Lernfeld Hauswirtschaft</subfield><subfield code="c">von Cornelia A. Schlieper</subfield></datafield><datafield tag="250" ind1=" " ind2=" "><subfield code="a">7., überarb. und erw. Aufl.</subfield></datafield><datafield tag="260" ind1="3" ind2=" "><subfield code="a">Hamburg</subfield><subfield code="b">Büchner, Handwerk und Technik</subfield><subfield code="c">2010</subfield></datafield><datafield tag="300" ind1=" " ind2=" "><subfield code="a">577  Seiten</subfield><subfield code="b">zahlr. Ill., graph. Darst.</subfield></datafield><datafield tag="500" ind1=" " ind2=" "><subfield code="a">IMD-Felder maschinell generiert (GBV)</subfield></datafield><datafield tag="650" ind1=" " ind2="7"><subfield code="a">Hauswirtschaftlicher Beruf</subfield><subfield code="0">(DE-Frei129)00010722</subfield><subfield code="0">(DE-588)4023832-5</subfield><subfield code="2">gnd</subfield></datafield><datafield tag="650" ind1=" " ind2="7"><subfield code="a">Berufsfachschule</subfield><subfield code="0">(DE-Frei129)00041659</subfield><subfield code="0">(DE-588)4125138-6</subfield><subfield code="2">gnd</subfield></datafield><datafield tag="689" ind1="0" ind2="0"><subfield code="0">(DE-588)4023832-5</subfield><subfield code="D">s</subfield><subfield code="a">Hauswirtschaftlicher Beruf </subfield></datafield><datafield tag="689" ind1="0" ind2="1"><subfield code="0">(DE-588)4125138-6</subfield><subfield code="D">s</subfield><subfield code="a">Berufsfachschule</subfield><subfield code="5">DE-101</subfield></datafield><datafield tag="700" ind1="1" ind2=" "><subfield code="0">(DE-Frei129)00090667</subfield><subfield code="a">Schlieper, Cornelia A.</subfield><subfield code="4">aut</subfield></datafield><datafield tag="852" ind1=" " ind2=" "><subfield code="a">Frei 129</subfield><subfield code="b">PHFR</subfield><subfield code="c">ZE 70000 S344 L6 (7)</subfield></datafield><datafield tag="856" ind1="4" ind2=" "><subfield code="8">00</subfield><subfield code="u">http://d-nb.info/1064668720/04</subfield><subfield code="y">Inhaltsverzeichnis</subfield></datafield><datafield tag="980" ind1="0" ind2=" "><subfield code="a">00210315</subfield><subfield code="9">(PHFR)</subfield><subfield code="b">3.OG (37)</subfield><subfield code="c">ZE 70000 S344 L6 (7)+1</subfield><subfield code="d">Präsenzbestand II (51)</subfield><subfield code="e">Verfügbar (X)</subfield></datafield><datafield tag="980" ind1="0" ind2=" "><subfield code="a">00210346</subfield><subfield code="9">(PHFR)</subfield><subfield code="b">3.OG (37)</subfield><subfield code="c">ZE 70000 S344 L6 (7)</subfield><subfield code="d">Standardleihe (01)</subfield><subfield code="e">Verfügbar (X)</subfield><subfield code="x">Ex. g = Präsenzbestand</subfield></datafield></record>