
<record><leader>04726nam a2200000uu 4500</leader><controlfield tag="001">01204597</controlfield><controlfield tag="003">DE-Frei129</controlfield><controlfield tag="005">20220811084059.0</controlfield><controlfield tag="007">tu</controlfield><controlfield tag="008">110609s2010    ||||||||||||||||||||ger||</controlfield><datafield tag="020" ind1=" " ind2=" "><subfield code="a">9783780020796</subfield><subfield code="9">9783780020796</subfield></datafield><datafield tag="035" ind1=" " ind2=" "><subfield code="a">(DE-576)661883442</subfield></datafield><datafield tag="041" ind1=" " ind2=" "><subfield code="a">ger</subfield></datafield><datafield tag="044" ind1=" " ind2=" "><subfield code="c">XA-DE-NI</subfield></datafield><datafield tag="100" ind1="1" ind2=" "><subfield code="a">Bertschi-Kaufmann, Andrea</subfield><subfield code="0">(DE-Frei129)00114623</subfield><subfield code="0">(DE-588)115169075</subfield><subfield code="4">aut</subfield></datafield><datafield tag="245" ind1="1" ind2="4"><subfield code="a">Das Lesen anregen, fördern, begleiten</subfield><subfield code="c">Andrea Bertschi-Kaufmann</subfield></datafield><datafield tag="250" ind1=" " ind2=" "><subfield code="a">2. Aufl.</subfield></datafield><datafield tag="260" ind1="3" ind2=" "><subfield code="a">Seelze</subfield><subfield code="b">Kallmeyer bei Friedrich</subfield><subfield code="c">2010</subfield></datafield><datafield tag="300" ind1=" " ind2=" "><subfield code="a">66 Seiten</subfield></datafield><datafield tag="500" ind1=" " ind2=" "><subfield code="a">Lizenz des Lehrmittelverl. des Kantons Aargau, Buchs</subfield></datafield><datafield tag="500" ind1=" " ind2=" "><subfield code="a">IMD-Felder maschinell generiert (GBV)</subfield></datafield><datafield tag="520" ind1=" " ind2=" "><subfield code="a">Kinder auf ihrem Weg zum selbstständigen Lesen begleiten. -Die Geschichten von Leserinnen und Lesern sind meist überraschend und verlaufen sehr unterschiedlich. In der Schule begegnen Sie Kindern, die verschiedenste Voraussetzungen und Erfahrungen im Umgang mit Schrift haben. Mit Kindern lesen - dazu gehören lebendige und schöne Erlebnisse genauso wie Situationen, die die Kinder herausfordern. Das Lesen anregen, fördern, begleiten liefert Ihnen Anregungen und Hilfen für Ihren Leseunterricht, damit Sie den vielfältigen Interessen und Fähigkeiten der Kinder und Jugendlichen gerecht werden können. Sie erhalten wichtige Grundlagen und detaillierte Vorschläge für die Praxis, wie Sie Ihren Schülern Anlässe zum Lesen geben, sie fördern und auf Ihrem Weg zum selbstständigen Lesen begleiten können.</subfield></datafield><datafield tag="650" ind1=" " ind2="7"><subfield code="a">Leseerziehung</subfield><subfield code="0">(DE-Frei129)00062275</subfield><subfield code="0">(DE-588)4167434-0</subfield><subfield code="2">gnd</subfield></datafield><datafield tag="650" ind1=" " ind2="7"><subfield code="a">Grundschule</subfield><subfield code="0">(DE-Frei129)00010240</subfield><subfield code="0">(DE-588)4022349-8</subfield><subfield code="2">gnd</subfield></datafield><datafield tag="689" ind1="0" ind2="0"><subfield code="0">(DE-588)4167434-0</subfield><subfield code="D">s</subfield><subfield code="a">Leseerziehung </subfield></datafield><datafield tag="689" ind1="0" ind2="1"><subfield code="0">(DE-588)4022349-8</subfield><subfield code="D">s</subfield><subfield code="a">Grundschule</subfield><subfield code="5">DE-101</subfield></datafield><datafield tag="852" ind1=" " ind2=" "><subfield code="a">Frei 129</subfield><subfield code="b">PHFR</subfield><subfield code="c">GB 2958 B551 L6 (2)</subfield></datafield><datafield tag="856" ind1="4" ind2=" "><subfield code="8">00</subfield><subfield code="u">http://ecx.images-amazon.com/images/I/416VE7T9HGL._SL500_AA300_.jpg</subfield><subfield code="y">Cover</subfield></datafield><datafield tag="856" ind1="4" ind2=" "><subfield code="8">01</subfield><subfield code="u">http://deposit.dnb.de/cgi-bin/dokserv?id=2769336&amp;prov=M&amp;dok_var=1&amp;dok_ext=htm</subfield><subfield code="y">Verlagsinformation</subfield></datafield><datafield tag="980" ind1="0" ind2=" "><subfield code="a">00374683</subfield><subfield code="9">(PHFR)</subfield><subfield code="b">2.OG (35)</subfield><subfield code="c">GB 2958 B551 L6 (2)+1</subfield><subfield code="d">Präsenzbestand II (51)</subfield><subfield code="e">Verfügbar (X)</subfield></datafield><datafield tag="980" ind1="0" ind2=" "><subfield code="a">00374684</subfield><subfield code="9">(PHFR)</subfield><subfield code="b">2.OG (35)</subfield><subfield code="c">GB 2958 B551 L6 (2)</subfield><subfield code="d">Standardleihe (01)</subfield><subfield code="e">Verfügbar (X)</subfield></datafield></record>