
<record><leader>09443nam a2200000uu 4500</leader><controlfield tag="001">01188940</controlfield><controlfield tag="003">DE-Frei129</controlfield><controlfield tag="005">20220811084059.0</controlfield><controlfield tag="007">tu</controlfield><controlfield tag="008">110119s2010    ||||||||||||||||||||ger||</controlfield><datafield tag="015" ind1=" " ind2=" "><subfield code="a">11,A09</subfield></datafield><datafield tag="016" ind1="7" ind2=" "><subfield code="a">1009337955</subfield><subfield code="2">DE-101</subfield></datafield><datafield tag="020" ind1=" " ind2=" "><subfield code="a">9783815817759</subfield><subfield code="9">9783815817759</subfield><subfield code="c">kart. : EUR 8.95</subfield></datafield><datafield tag="035" ind1=" " ind2=" "><subfield code="a">(DE-576)644223901</subfield></datafield><datafield tag="041" ind1=" " ind2=" "><subfield code="a">ger</subfield></datafield><datafield tag="044" ind1=" " ind2=" "><subfield code="c">XA-DE</subfield></datafield><datafield tag="100" ind1="1" ind2=" "><subfield code="a">Cantzler, Sandra</subfield><subfield code="0">(DE-Frei129)00410966</subfield></datafield><datafield tag="245" ind1="1" ind2="0"><subfield code="a">Facebook, Twitter &amp; Co.</subfield><subfield code="b">[ganz leicht ; Mitmachen und online Freunde treffen ; Social Media sinnvoll für Ihre Selbstdarstellung nutzen]</subfield><subfield code="c">Sandra Cantzler; Heiko Haupt; Florian Oertel</subfield></datafield><datafield tag="260" ind1="3" ind2=" "><subfield code="a">Düsseldorf</subfield><subfield code="b">Data-Becker</subfield><subfield code="c">[ca. 2010]</subfield></datafield><datafield tag="300" ind1=" " ind2=" "><subfield code="a">160 Seiten</subfield><subfield code="b">Ill.</subfield><subfield code="c">19 cm</subfield></datafield><datafield tag="490" ind1="0" ind2=" "><subfield code="a">Auf die Schnelle</subfield></datafield><datafield tag="500" ind1=" " ind2=" "><subfield code="a">IMD-Felder maschinell generiert (GBV)</subfield></datafield><datafield tag="650" ind1=" " ind2="7"><subfield code="a">Soziale Software</subfield><subfield code="0">(DE-Frei129)00084189</subfield><subfield code="0">(DE-588)7550143-0</subfield><subfield code="2">gnd</subfield></datafield><datafield tag="650" ind1=" " ind2="7"><subfield code="a">Computerunterstützte Kommunikation</subfield><subfield code="0">(DE-Frei129)00102753</subfield><subfield code="0">(DE-588)4535905-2</subfield><subfield code="2">gnd</subfield></datafield><datafield tag="650" ind1=" " ind2="7"><subfield code="a">Smartphone</subfield><subfield code="0">(DE-Frei129)00121266</subfield><subfield code="2">local</subfield></datafield><datafield tag="650" ind1=" " ind2="7"><subfield code="a">studiVZ</subfield><subfield code="0">(DE-Frei129)00122718</subfield><subfield code="0">(DE-588)7630262-3</subfield><subfield code="2">gnd</subfield></datafield><datafield tag="650" ind1=" " ind2="7"><subfield code="a">Twitter</subfield><subfield code="x">Softwareplattform</subfield><subfield code="0">(DE-Frei129)00123899</subfield><subfield code="0">(DE-588)7660487-1</subfield><subfield code="2">gnd</subfield></datafield><datafield tag="650" ind1=" " ind2="7"><subfield code="a">Facebook</subfield><subfield code="0">(DE-Frei129)00124466</subfield><subfield code="0">(DE-588)7679337-0</subfield><subfield code="2">gnd</subfield></datafield><datafield tag="650" ind1=" " ind2="7"><subfield code="a">App</subfield><subfield code="x">Programm</subfield><subfield code="0">(DE-Frei129)00197298</subfield><subfield code="0">(DE-588)7705206-7</subfield><subfield code="2">gnd</subfield></datafield><datafield tag="650" ind1=" " ind2="7"><subfield code="a">Flickr</subfield><subfield code="0">(DE-Frei129)00388594</subfield><subfield code="0">(DE-588)7669185-8</subfield><subfield code="2">gnd</subfield></datafield><datafield tag="650" ind1=" " ind2="7"><subfield code="a">Facebook</subfield><subfield code="0">(DE-Frei129)00124466</subfield><subfield code="0">(DE-588)7679337-0</subfield><subfield code="2">gnd</subfield></datafield><datafield tag="650" ind1=" " ind2="7"><subfield code="a">Twitter</subfield><subfield code="x">Softwareplattform</subfield><subfield code="0">(DE-Frei129)00123899</subfield><subfield code="0">(DE-588)7660487-1</subfield><subfield code="2">gnd</subfield></datafield><datafield tag="650" ind1=" " ind2="7"><subfield code="a">studiVZ</subfield><subfield code="0">(DE-Frei129)00122718</subfield><subfield code="0">(DE-588)7630262-3</subfield><subfield code="2">gnd</subfield></datafield><datafield tag="650" ind1=" " ind2="7"><subfield code="a">Flickr</subfield><subfield code="0">(DE-Frei129)00388594</subfield><subfield code="0">(DE-588)7669185-8</subfield><subfield code="2">gnd</subfield></datafield><datafield tag="650" ind1=" " ind2="7"><subfield code="a">Soziale Software</subfield><subfield code="0">(DE-Frei129)00084189</subfield><subfield code="0">(DE-588)7550143-0</subfield><subfield code="2">gnd</subfield></datafield><datafield tag="650" ind1=" " ind2="7"><subfield code="a">Computerunterstützte Kommunikation</subfield><subfield code="0">(DE-Frei129)00102753</subfield><subfield code="0">(DE-588)4535905-2</subfield><subfield code="2">gnd</subfield></datafield><datafield tag="650" ind1=" " ind2="7"><subfield code="a">App</subfield><subfield code="x">Programm</subfield><subfield code="0">(DE-Frei129)00197298</subfield><subfield code="0">(DE-588)7705206-7</subfield><subfield code="2">gnd</subfield></datafield><datafield tag="650" ind1=" " ind2="7"><subfield code="a">Smartphone</subfield><subfield code="0">(DE-Frei129)03001834</subfield><subfield code="0">(DE-588)4845922-7</subfield><subfield code="2">gnd</subfield></datafield><datafield tag="651" ind1=" " ind2="7"><subfield code="a">Softwareplattform</subfield><subfield code="0">(DE-Frei129)00758349</subfield><subfield code="2">local</subfield></datafield><datafield tag="651" ind1=" " ind2="7"><subfield code="a">Programm</subfield><subfield code="0">(DE-Frei129)00757374</subfield><subfield code="2">local</subfield></datafield><datafield tag="689" ind1="0" ind2="0"><subfield code="0">(DE-588)7679337-0</subfield><subfield code="D">s</subfield><subfield code="a">Facebook </subfield></datafield><datafield tag="689" ind1="0" ind2="1"><subfield code="0">(DE-588)7660487-1</subfield><subfield code="D">s</subfield><subfield code="a">Twitter / Softwareplattform </subfield></datafield><datafield tag="689" ind1="0" ind2="2"><subfield code="A">s</subfield><subfield code="a">Softwareplattform </subfield></datafield><datafield tag="689" ind1="0" ind2="3"><subfield code="0">(DE-588)7630262-3</subfield><subfield code="D">s</subfield><subfield code="a">studiVZ </subfield></datafield><datafield tag="689" ind1="0" ind2="4"><subfield code="0">(DE-588)7669185-8</subfield><subfield code="D">s</subfield><subfield code="a">Flickr </subfield></datafield><datafield tag="689" ind1="0" ind2="5"><subfield code="0">(DE-588)7550143-0</subfield><subfield code="D">s</subfield><subfield code="a">Soziale Software </subfield></datafield><datafield tag="689" ind1="0" ind2="6"><subfield code="0">(DE-588)4535905-2</subfield><subfield code="D">s</subfield><subfield code="a">Computerunterstützte Kommunikation </subfield></datafield><datafield tag="689" ind1="0" ind2="7"><subfield code="0">(DE-588)7705206-7</subfield><subfield code="D">s</subfield><subfield code="a">App / Programm </subfield></datafield><datafield tag="689" ind1="0" ind2="8"><subfield code="A">s</subfield><subfield code="a">Programm </subfield></datafield><datafield tag="689" ind1="0" ind2="9"><subfield code="0">(DE-588)4845922-7</subfield><subfield code="D">s</subfield><subfield code="a">Smartphone</subfield><subfield code="5">DE-101</subfield></datafield><datafield tag="700" ind1="1" ind2=" "><subfield code="0">(DE-Frei129)00235277</subfield><subfield code="a">Haupt, Heiko</subfield><subfield code="4">aut</subfield></datafield><datafield tag="700" ind1="1" ind2=" "><subfield code="0">(DE-Frei129)00410967</subfield><subfield code="a">Oertel, Florian</subfield><subfield code="4">aut</subfield></datafield><datafield tag="852" ind1=" " ind2=" "><subfield code="a">Frei129</subfield><subfield code="c">Komm C 300: 164</subfield></datafield><datafield tag="856" ind1="4" ind2=" "><subfield code="8">00</subfield><subfield code="u">http://external.dandelon.com/download/attachments/dandelon/ids/DE0041C1A994E092533F6C125785E003260B0.pdf</subfield><subfield code="y">Inhaltsverzeichnis</subfield></datafield><datafield tag="856" ind1="4" ind2=" "><subfield code="8">01</subfield><subfield code="u">https://external.dandelon.com/download/attachments/dandelon/ids/DE0041C1A994E092533F6C125785E003260B0.pdf</subfield><subfield code="y">Verlagsinformation</subfield></datafield><datafield tag="856" ind1="4" ind2=" "><subfield code="8">02</subfield><subfield code="u">http://d-nb.info/1009337955/04</subfield><subfield code="y">Inhaltsverzeichnis</subfield></datafield><datafield tag="856" ind1="4" ind2=" "><subfield code="8">03</subfield><subfield code="u">http://d-nb.info/1009337955/04</subfield><subfield code="y">Verlagsinformation</subfield></datafield><datafield tag="980" ind1="0" ind2=" "><subfield code="a">00218791</subfield><subfield code="9">(PHFR)</subfield><subfield code="b">UG (33)</subfield><subfield code="c">Komm C 300: 164</subfield><subfield code="d">Standardleihe (01)</subfield><subfield code="e">Verfügbar (X)</subfield></datafield></record>