
<record><leader>04334nam a2200000uu 4500</leader><controlfield tag="001">01093293</controlfield><controlfield tag="003">DE-Frei129</controlfield><controlfield tag="005">20220811084059.0</controlfield><controlfield tag="007">tu</controlfield><controlfield tag="008">100224s2010    ||||||||||||||||||||ger||</controlfield><datafield tag="015" ind1=" " ind2=" "><subfield code="a">10,A25</subfield></datafield><datafield tag="016" ind1="7" ind2=" "><subfield code="a">1000283267</subfield><subfield code="2">DE-101</subfield></datafield><datafield tag="020" ind1=" " ind2=" "><subfield code="a">9783645600484</subfield><subfield code="9">9783645600484</subfield><subfield code="c">kart. : EUR 10.00</subfield></datafield><datafield tag="024" ind1="3" ind2=" "><subfield code="a">9783645600484</subfield></datafield><datafield tag="035" ind1=" " ind2=" "><subfield code="a">(DE-576)61969470X</subfield></datafield><datafield tag="041" ind1=" " ind2=" "><subfield code="a">ger</subfield></datafield><datafield tag="044" ind1=" " ind2=" "><subfield code="c">XA-DE-BY</subfield></datafield><datafield tag="100" ind1="1" ind2=" "><subfield code="a">Schirmer, Thomas</subfield><subfield code="0">(DE-Frei129)00110265</subfield></datafield><datafield tag="245" ind1="1" ind2="0"><subfield code="a">Internet-Praxisbuch</subfield><subfield code="b">[anschließen, absichern, lossurfen ; DSL und WLAN anschließen und konfigurieren ; so beherrschen Sie Facebook, Twitter &amp; Co. ; die optimalen Einstellungen für Internet Explorer, Mail und Chat]</subfield><subfield code="c">Thomas Schirmer; Andreas Hein</subfield></datafield><datafield tag="260" ind1="3" ind2=" "><subfield code="a">Poing</subfield><subfield code="b">Franzis</subfield><subfield code="c">2010</subfield></datafield><datafield tag="300" ind1=" " ind2=" "><subfield code="a">286 Seiten</subfield><subfield code="b">Ill.</subfield><subfield code="c">210 mm x 150 mm</subfield></datafield><datafield tag="490" ind1="0" ind2=" "><subfield code="a">Das Franzis-Praxisbuch</subfield></datafield><datafield tag="500" ind1=" " ind2=" "><subfield code="a">IMD-Felder maschinell generiert (GBV)</subfield></datafield><datafield tag="650" ind1=" " ind2="7"><subfield code="a">Internet</subfield><subfield code="0">(DE-Frei129)00089551</subfield><subfield code="0">(DE-588)4308416-3</subfield><subfield code="2">gnd</subfield></datafield><datafield tag="650" ind1=" " ind2="7"><subfield code="a">Internet</subfield><subfield code="0">(DE-Frei129)00089551</subfield><subfield code="0">(DE-588)4308416-3</subfield><subfield code="2">gnd</subfield></datafield><datafield tag="689" ind1="0" ind2="0"><subfield code="0">(DE-588)4308416-3</subfield><subfield code="D">s</subfield><subfield code="a">Internet</subfield><subfield code="5">DE-101</subfield></datafield><datafield tag="700" ind1="1" ind2=" "><subfield code="0">(DE-588)13380982X</subfield><subfield code="0">(DE-Frei129)01031078</subfield><subfield code="a">Hein, Andreas</subfield><subfield code="4">aut</subfield></datafield><datafield tag="852" ind1=" " ind2=" "><subfield code="a">Frei129</subfield><subfield code="c">EDV M 10: 6</subfield></datafield><datafield tag="856" ind1="4" ind2=" "><subfield code="8">00</subfield><subfield code="u">http://deposit.d-nb.de/cgi-bin/dokserv?id=3429079&amp;prov=M&amp;dok_var=1&amp;dok_ext=htm</subfield><subfield code="y">Inhaltstext</subfield></datafield><datafield tag="856" ind1="4" ind2=" "><subfield code="8">01</subfield><subfield code="u">http://d-nb.info/1000283267/04</subfield><subfield code="y">Verlagsinformation</subfield></datafield><datafield tag="856" ind1="4" ind2=" "><subfield code="8">02</subfield><subfield code="u">http://deposit.d-nb.de/cgi-bin/dokserv?id=3429079&amp;prov=M&amp;dok_var=1&amp;dok_ext=htm</subfield><subfield code="y">Inhaltstext</subfield></datafield><datafield tag="856" ind1="4" ind2=" "><subfield code="8">03</subfield><subfield code="u">http://d-nb.info/1000283267/04</subfield><subfield code="y">Verlagsinformation</subfield></datafield><datafield tag="980" ind1="0" ind2=" "><subfield code="a">00212725</subfield><subfield code="9">(PHFR)</subfield><subfield code="b">UG (33)</subfield><subfield code="c">EDV M 10: 6</subfield><subfield code="d">Standardleihe (01)</subfield><subfield code="e">Verfügbar (X)</subfield></datafield></record>