
<record><leader>08428nam a2200000uu 4500</leader><controlfield tag="001">01081526</controlfield><controlfield tag="003">DE-Frei129</controlfield><controlfield tag="005">20220811084059.0</controlfield><controlfield tag="007">tu</controlfield><controlfield tag="008">091022s2010    ||||||||||||||||||||eng||</controlfield><datafield tag="015" ind1=" " ind2=" "><subfield code="a">09,N44,0518</subfield></datafield><datafield tag="016" ind1="7" ind2=" "><subfield code="a">99743368X</subfield><subfield code="2">DE-101</subfield></datafield><datafield tag="020" ind1=" " ind2=" "><subfield code="a">9789048139897</subfield><subfield code="9">9789048139897</subfield><subfield code="c">GB. : EUR 106.95 (freier Pr.), sfr 155.50 (freier Pr.)</subfield></datafield><datafield tag="024" ind1="3" ind2=" "><subfield code="a">9789048139897</subfield></datafield><datafield tag="035" ind1=" " ind2=" "><subfield code="a">(DE-576)611236273</subfield></datafield><datafield tag="041" ind1=" " ind2=" "><subfield code="a">eng</subfield></datafield><datafield tag="044" ind1=" " ind2=" "><subfield code="c">XA-NL</subfield><subfield code="c">XA-DE</subfield><subfield code="c">XA-GB</subfield></datafield><datafield tag="245" ind1="1" ind2="0"><subfield code="a">Learning through teaching mathematics</subfield><subfield code="b">development of teachers&apos; knowledge and expertise in practice</subfield><subfield code="c">Roza Leikin; Rina Zazkis eds.</subfield></datafield><datafield tag="250" ind1=" " ind2=" "><subfield code="a">1. Aufl.</subfield></datafield><datafield tag="260" ind1="3" ind2=" "><subfield code="a">Dordrecht [u.a.]</subfield><subfield code="b">VS Verlag für Sozialwissenschaften / Springer Fachmedien Wiesbaden GmbH, Wiesbaden</subfield><subfield code="c">2010</subfield></datafield><datafield tag="300" ind1=" " ind2=" "><subfield code="a">XII, 300 Seiten</subfield><subfield code="b">graph. Darst.</subfield><subfield code="c">235 mm x 155 mm</subfield></datafield><datafield tag="490" ind1="1" ind2=" "><subfield code="a">Mathematics teacher education </subfield><subfield code="v">5</subfield></datafield><datafield tag="500" ind1=" " ind2=" "><subfield code="a">Literaturangaben</subfield></datafield><datafield tag="500" ind1=" " ind2=" "><subfield code="a">IMD-Felder maschinell generiert (GBV)</subfield></datafield><datafield tag="501" ind1=" " ind2=" "><subfield code="a">Introduction Part I: Theoretical and Methodological Perspectives on Teachers&apos; Learning through Teaching Chapter 1 Roza Leikin and Rina Zazkis Teachers&apos; opportunities to learn mathematics through teaching Chapter 2 John Mason Attention and intention: Learning about teaching through teaching Chapter 3 Ron Tzur What and How might mathematics teachers learn via teaching: Contributions to closing an unspoken gap Chapter 4 Roza Leikin Learning through teaching though the lens of multiple solution tasks Part II: Examples of Learning through teaching: Pedagogical mathematics Interlude 1 Chapter 5 Rina Zazkis What have I learned: Mathematical insights and pedagogical implication Chapter 6 Marcelo Borba and Rubia B. A. Zulatto Dialogical education and learning mathematics online from teachers. Chapter 7 Carolyn Kieran and Jose Guzman Role of task and technology in provoking teacher change: A case of proofs and proving in high school Algebra Chapter 8 Nick Jackiw and Nathalie Sinclair Learning through teaching when teaching machines: Discursive interaction design in Sketchpad Chapter 13 Robin Marcus and Daniel Chazan What experienced teachers have learned from helping students think about solving equations in the one-variable-first algebra curriculum Part III: Examples of Learning through teaching: Mathematical pedagogy Interlude 2 Chapter 9 Michal Yerushalmy and Shulamit Elikan Exploring reform ideas of teaching Algebra: Analysis of videotaped episodes and conversations about them Chapter 10 Peter Liljedahl On rapid professional growth: cases of learning through teaching Chapter 11 Lara Alcock Interactions between teaching and research: Developing pedagogical content knowledge for Real Analysis Chapter 12 Helen Doerr and Stephen Lerman Teachers learning from their teaching: The case of communicative practices Chapter 14 Dave Hewitt Feedback: Expanding a repertoire and making choices Conclusion.</subfield></datafield><datafield tag="650" ind1=" " ind2="7"><subfield code="a">Mathematics</subfield><subfield code="x">Study and teaching</subfield><subfield code="0">(DE-Frei129)00693344</subfield><subfield code="2">local</subfield></datafield><datafield tag="650" ind1=" " ind2="7"><subfield code="a">Learning</subfield><subfield code="0">(DE-Frei129)00238661</subfield><subfield code="2">local</subfield></datafield><datafield tag="650" ind1=" " ind2="7"><subfield code="a">Mathematics</subfield><subfield code="0">(DE-Frei129)00220675</subfield><subfield code="2">local</subfield></datafield><datafield tag="650" ind1=" " ind2="7"><subfield code="a">Mathematikunterricht</subfield><subfield code="0">(DE-Frei129)00016130</subfield><subfield code="0">(DE-588)4037949-8</subfield><subfield code="2">gnd</subfield></datafield><datafield tag="650" ind1=" " ind2="7"><subfield code="a">Mathematiklehrer</subfield><subfield code="0">(DE-Frei129)00016126</subfield><subfield code="0">(DE-588)4037946-2</subfield><subfield code="2">gnd</subfield></datafield><datafield tag="650" ind1=" " ind2="7"><subfield code="a">Fachwissen</subfield><subfield code="0">(DE-Frei129)00072453</subfield><subfield code="0">(DE-588)4195141-4</subfield><subfield code="2">gnd</subfield></datafield><datafield tag="689" ind1="0" ind2="0"><subfield code="A">s</subfield><subfield code="a">Mathematics / Study and teaching</subfield><subfield code="5">DE-101</subfield></datafield><datafield tag="689" ind1="1" ind2="0"><subfield code="A">s</subfield><subfield code="a">Learning</subfield><subfield code="5">DE-101</subfield></datafield><datafield tag="689" ind1="2" ind2="0"><subfield code="A">s</subfield><subfield code="a">Mathematics</subfield><subfield code="5">DE-101</subfield></datafield><datafield tag="689" ind1="3" ind2="0"><subfield code="0">(DE-588)4037949-8</subfield><subfield code="D">s</subfield><subfield code="a">Mathematikunterricht </subfield></datafield><datafield tag="689" ind1="3" ind2="1"><subfield code="0">(DE-588)4037946-2</subfield><subfield code="D">s</subfield><subfield code="a">Mathematiklehrer </subfield></datafield><datafield tag="689" ind1="3" ind2="2"><subfield code="0">(DE-588)4195141-4</subfield><subfield code="D">s</subfield><subfield code="a">Fachwissen</subfield><subfield code="5">DE-101</subfield></datafield><datafield tag="700" ind1="1" ind2=" "><subfield code="0">(DE-588)140599584</subfield><subfield code="0">(DE-Frei129)58092219</subfield><subfield code="a">Leyḳin, Rozah</subfield><subfield code="4">oth</subfield></datafield><datafield tag="700" ind1="1" ind2=" "><subfield code="0">(DE-Frei129)00386240</subfield><subfield code="a">Zazkis, Rina</subfield><subfield code="4">oth</subfield></datafield><datafield tag="700" ind1="1" ind2=" "><subfield code="0">(DE-Frei129)00385509</subfield><subfield code="a">Leikin, Roza</subfield><subfield code="4">Hrsg.</subfield></datafield><datafield tag="776" ind1="0" ind2="8"><subfield code="a">edited by Roza Leikin, Rina Zazkis</subfield><subfield code="i">Erscheint auch als Online-Ausgabe</subfield><subfield code="t">Learning Through Teaching Mathematics</subfield><subfield code="w">(DE-Frei129)01081525</subfield><subfield code="w">(DE-576)1650410298</subfield></datafield><datafield tag="830" ind1=" " ind2="0"><subfield code="a">Mathematics teacher education</subfield><subfield code="v">5</subfield><subfield code="w">(DE-Frei129)16042804</subfield><subfield code="9">15</subfield></datafield><datafield tag="852" ind1=" " ind2=" "><subfield code="a">Frei129</subfield><subfield code="c">Math N 80: 28</subfield></datafield><datafield tag="856" ind1="4" ind2=" "><subfield code="8">00</subfield><subfield code="u">https://zbmath.org/?q=an:1192.00026</subfield><subfield code="y">Inhaltstext</subfield></datafield><datafield tag="980" ind1="0" ind2=" "><subfield code="a">00209683</subfield><subfield code="9">(PHFR)</subfield><subfield code="b">UG (33)</subfield><subfield code="c">Math N 80: 28</subfield><subfield code="d">Standardleihe (01)</subfield><subfield code="e">Verfügbar (X)</subfield></datafield></record>