
<record><leader>04205nam a2200000uu 4500</leader><controlfield tag="001">01060485</controlfield><controlfield tag="003">DE-Frei129</controlfield><controlfield tag="005">20220811084059.0</controlfield><controlfield tag="007">tu</controlfield><controlfield tag="008">110209s2010    ||||||||||||||||||||ger||</controlfield><datafield tag="015" ind1=" " ind2=" "><subfield code="a">10,B25</subfield></datafield><datafield tag="016" ind1="7" ind2=" "><subfield code="a">1000882047</subfield><subfield code="2">DE-101</subfield></datafield><datafield tag="020" ind1=" " ind2=" "><subfield code="a">9783941775015</subfield><subfield code="9">978-3-941775-01-5</subfield><subfield code="c">kart. : EUR 11.90</subfield></datafield><datafield tag="020" ind1=" " ind2=" "><subfield code="a">978394177501</subfield><subfield code="9">978-3-941-775-01-</subfield><subfield code="c">kart. : EUR 11.90</subfield></datafield><datafield tag="024" ind1="3" ind2=" "><subfield code="a">9783941775015</subfield></datafield><datafield tag="035" ind1=" " ind2=" "><subfield code="a">(DE-576)622492926</subfield></datafield><datafield tag="041" ind1=" " ind2=" "><subfield code="a">ger</subfield></datafield><datafield tag="044" ind1=" " ind2=" "><subfield code="c">XA-DE-NW</subfield></datafield><datafield tag="100" ind1="1" ind2=" "><subfield code="a">Hofmann, Murad Wilfried</subfield><subfield code="0">(DE-Frei129)00091728</subfield><subfield code="0">(DE-588)118800450</subfield><subfield code="4">aut</subfield></datafield><datafield tag="245" ind1="1" ind2="4"><subfield code="a">Der Islam im 3. Jahrtausend</subfield><subfield code="b">eine Religion im Aufbruch</subfield><subfield code="c">Murad Wilfried Hofmann</subfield></datafield><datafield tag="250" ind1=" " ind2=" "><subfield code="a">3. Aufl.</subfield></datafield><datafield tag="260" ind1="3" ind2=" "><subfield code="a">Köln</subfield><subfield code="b">em-buch</subfield><subfield code="c">2010</subfield></datafield><datafield tag="300" ind1=" " ind2=" "><subfield code="a">282  Seiten</subfield><subfield code="c">20 cm</subfield></datafield><datafield tag="500" ind1=" " ind2=" "><subfield code="a">Literaturangaben</subfield></datafield><datafield tag="500" ind1=" " ind2=" "><subfield code="a">BE 8612, BE 8660: knweph</subfield></datafield><datafield tag="650" ind1=" " ind2="7"><subfield code="a">Islam</subfield><subfield code="0">(DE-Frei129)00012330</subfield><subfield code="0">(DE-588)4027743-4</subfield><subfield code="2">gnd</subfield></datafield><datafield tag="650" ind1=" " ind2="7"><subfield code="a">Zukunft</subfield><subfield code="0">(DE-Frei129)00019636</subfield><subfield code="0">(DE-588)4068097-6</subfield><subfield code="2">gnd</subfield></datafield><datafield tag="651" ind1=" " ind2="7"><subfield code="a">Westliche Welt</subfield><subfield code="0">(DE-Frei129)00011818</subfield><subfield code="0">(DE-588)4079237-7</subfield><subfield code="2">gnd</subfield></datafield><datafield tag="689" ind1="0" ind2="0"><subfield code="0">(DE-588)4079237-7</subfield><subfield code="D">g</subfield><subfield code="a">Westliche Welt </subfield></datafield><datafield tag="689" ind1="0" ind2="1"><subfield code="0">(DE-588)4027743-4</subfield><subfield code="D">s</subfield><subfield code="a">Islam</subfield><subfield code="5">DE-101</subfield></datafield><datafield tag="689" ind1="1" ind2="0"><subfield code="0">(DE-588)4027743-4</subfield><subfield code="D">s</subfield><subfield code="a">Islam </subfield></datafield><datafield tag="689" ind1="1" ind2="1"><subfield code="0">(DE-588)4068097-6</subfield><subfield code="D">s</subfield><subfield code="a">Zukunft</subfield><subfield code="5">DE-101</subfield></datafield><datafield tag="852" ind1=" " ind2=" "><subfield code="a">Frei 129</subfield><subfield code="b">PHFR</subfield><subfield code="c">BE 8621 H713 (3)</subfield></datafield><datafield tag="980" ind1="0" ind2=" "><subfield code="a">00324671</subfield><subfield code="9">(PHFR)</subfield><subfield code="b">Handbibliothek (50)</subfield><subfield code="c">Theo B 430: 214</subfield><subfield code="d">Handbibliothek - nie verleihbar (54)</subfield><subfield code="e">Verfügbar (X)</subfield></datafield></record>