
<record><leader>03590nam a2200000uu 4500</leader><controlfield tag="001">01020503</controlfield><controlfield tag="003">DE-Frei129</controlfield><controlfield tag="005">20220811084059.0</controlfield><controlfield tag="007">tu</controlfield><controlfield tag="008">100715s2010    ||||||||||||||||||||ger||</controlfield><datafield tag="020" ind1=" " ind2=" "><subfield code="a">9783120105183</subfield><subfield code="9">9783120105183</subfield><subfield code="c">(Klett)</subfield></datafield><datafield tag="020" ind1=" " ind2=" "><subfield code="a">9783403112273</subfield><subfield code="9">9783403112273</subfield><subfield code="c">(Auer)</subfield></datafield><datafield tag="024" ind1="3" ind2=" "><subfield code="a">9783120105183</subfield></datafield><datafield tag="035" ind1=" " ind2=" "><subfield code="a">(DE-576)631257594</subfield></datafield><datafield tag="041" ind1=" " ind2=" "><subfield code="a">ger</subfield></datafield><datafield tag="044" ind1=" " ind2=" "><subfield code="c">XA-DE</subfield></datafield><datafield tag="100" ind1="1" ind2=" "><subfield code="a">Stäudel, Lutz</subfield><subfield code="0">(DE-Frei129)00075823</subfield><subfield code="0">(DE-588)121138941</subfield></datafield><datafield tag="245" ind1="1" ind2="0"><subfield code="a">Forschen wie ein Naturwissenschaftler</subfield><subfield code="b">das Arbeits- und Methodenbuch ; [mit Quartettspiel zum Thema Ordnen]</subfield><subfield code="c">Lutz Stäudel; Brigitte Werber; Rita Wodzinski</subfield></datafield><datafield tag="250" ind1=" " ind2=" "><subfield code="a">Unveränd. Nachdr., 1. Aufl.</subfield></datafield><datafield tag="260" ind1="3" ind2=" "><subfield code="a">[Hamburg]</subfield><subfield code="a">[Stuttgart]</subfield><subfield code="a">[Donauwörth]</subfield><subfield code="b">Verlag für Pädagogische Medien</subfield><subfield code="b">Klett</subfield><subfield code="b">Auer</subfield><subfield code="c">2010</subfield></datafield><datafield tag="300" ind1=" " ind2=" "><subfield code="a">156 Seiten , [8] Blatt</subfield><subfield code="b">Ill., graph. Darst.</subfield></datafield><datafield tag="490" ind1="0" ind2=" "><subfield code="a">X - Lernbox</subfield></datafield><datafield tag="500" ind1=" " ind2=" "><subfield code="a">In Spiralheftung</subfield></datafield><datafield tag="500" ind1=" " ind2=" "><subfield code="a">IMD-Felder maschinell generiert (GBV)</subfield></datafield><datafield tag="500" ind1=" " ind2=" "><subfield code="a">Archivierung/Langzeitarchivierung gewährleistet</subfield></datafield><datafield tag="650" ind1=" " ind2="7"><subfield code="a">Naturwissenschaftlicher Unterricht</subfield><subfield code="0">(DE-Frei129)00017427</subfield><subfield code="0">(DE-588)4041425-5</subfield><subfield code="2">gnd</subfield></datafield><datafield tag="700" ind1="1" ind2=" "><subfield code="0">(DE-Frei129)00081986</subfield><subfield code="a">Werber, Brigitte</subfield><subfield code="4">aut</subfield></datafield><datafield tag="700" ind1="1" ind2=" "><subfield code="0">(DE-Frei129)00362346</subfield><subfield code="a">Wodzinski, Rita</subfield><subfield code="4">aut</subfield></datafield><datafield tag="852" ind1=" " ind2=" "><subfield code="a">Frei129</subfield><subfield code="c">Nat B 300: 22</subfield></datafield><datafield tag="980" ind1="0" ind2=" "><subfield code="a">00226274</subfield><subfield code="9">(PHFR)</subfield><subfield code="b">UG (33)</subfield><subfield code="c">Nat B 300: 22</subfield><subfield code="d">Standardleihe (01)</subfield><subfield code="e">Verfügbar (X)</subfield></datafield></record>