
<record><leader>02322nam a2200000uuc4500</leader><controlfield tag="001">00939178</controlfield><controlfield tag="003">DE-Frei129</controlfield><controlfield tag="005">20220811084059.0</controlfield><controlfield tag="007">tu</controlfield><controlfield tag="008">100204s2010    ||||||||||||||||||||ger||</controlfield><datafield tag="020" ind1=" " ind2=" "><subfield code="a">9783464207079</subfield><subfield code="9">978-3-464-20707-9</subfield></datafield><datafield tag="035" ind1=" " ind2=" "><subfield code="a">(DE-576)1388080923</subfield></datafield><datafield tag="041" ind1=" " ind2=" "><subfield code="a">ger</subfield></datafield><datafield tag="245" ind1="1" ind2="0"><subfield code="a">Studio d</subfield><subfield code="b">die Mittelstufe; Deutsch als Fremdsprache; [europäischer Referenzrahmen: ...]</subfield><subfield code="n">A1, Kurs- und Übungsbuch</subfield><subfield code="c">von Hermann Funk ...</subfield></datafield><datafield tag="250" ind1=" " ind2=" "><subfield code="a">1. Aufl., 9. Druck</subfield></datafield><datafield tag="260" ind1="3" ind2=" "><subfield code="a">Berlin</subfield><subfield code="b">Cornelson Scriptor</subfield><subfield code="c">2010</subfield></datafield><datafield tag="300" ind1=" " ind2=" "><subfield code="a">255  Seiten</subfield><subfield code="b">Ill., Kt.</subfield><subfield code="e">Lösungsheft (18 S.) + Zusätzliche Stationen zur Differenzierung, Wiederholung und Erweiterung (23 S.)</subfield></datafield><datafield tag="773" ind1="0" ind2="8"><subfield code="w">(DE-Frei129)00636005</subfield><subfield code="q">A1KURS42010</subfield></datafield><datafield tag="852" ind1=" " ind2=" "><subfield code="a">Frei 129</subfield><subfield code="b">PHFR</subfield><subfield code="c">GB 3044 S774 -1</subfield></datafield><datafield tag="856" ind1="4" ind2=" "><subfield code="8">00</subfield><subfield code="u">http://swbplus.bsz-bw.de/bsz318080923cov.htm</subfield><subfield code="y">Cover</subfield></datafield><datafield tag="980" ind1="0" ind2=" "><subfield code="a">00259180</subfield><subfield code="9">(PHFR)</subfield><subfield code="b">Handbibliothek (50)</subfield><subfield code="c">Deu S 150: 66,1/1 a</subfield><subfield code="d">Handbibliothek - nie verleihbar (54)</subfield><subfield code="e">Verfügbar (X)</subfield></datafield></record>