
<record><leader>04912nam a2200000uu 4500</leader><controlfield tag="001">00662933</controlfield><controlfield tag="003">DE-Frei129</controlfield><controlfield tag="005">20220811084059.0</controlfield><controlfield tag="007">tu</controlfield><controlfield tag="008">091211s2010    ||||||||||||||||||||ger||</controlfield><datafield tag="020" ind1=" " ind2=" "><subfield code="a">9783531168135</subfield><subfield code="9">9783531168135</subfield></datafield><datafield tag="024" ind1="3" ind2=" "><subfield code="a">9783531168135</subfield></datafield><datafield tag="035" ind1=" " ind2=" "><subfield code="a">(DE-576)61481989X</subfield></datafield><datafield tag="041" ind1=" " ind2=" "><subfield code="a">ger</subfield></datafield><datafield tag="044" ind1=" " ind2=" "><subfield code="c">XA-DE-HE</subfield></datafield><datafield tag="245" ind1="1" ind2="0"><subfield code="a">Praxisforschung in der Kinder- und Jugendhilfe</subfield><subfield code="b">Theorie, Beispiele und Entwicklungsoptionen eines Forschungsfeldes</subfield><subfield code="c">Stephan Maykus (Hrsg.)</subfield></datafield><datafield tag="250" ind1=" " ind2=" "><subfield code="a">2., durchges. Aufl.</subfield></datafield><datafield tag="260" ind1="3" ind2=" "><subfield code="a">Wiesbaden</subfield><subfield code="b">VS, Verl. für Sozialwissenschaften</subfield><subfield code="c">2010</subfield></datafield><datafield tag="300" ind1=" " ind2=" "><subfield code="a">237 Seiten</subfield><subfield code="b">graph. Darst.</subfield><subfield code="c">210 mm x 148 mm</subfield></datafield><datafield tag="500" ind1=" " ind2=" "><subfield code="a">Enth. 14 Beitr.</subfield></datafield><datafield tag="500" ind1=" " ind2=" "><subfield code="a">Literaturangaben</subfield></datafield><datafield tag="500" ind1=" " ind2=" "><subfield code="a">IMD-Felder maschinell generiert (GBV)</subfield></datafield><datafield tag="500" ind1=" " ind2=" "><subfield code="a">Archivierung prüfen</subfield></datafield><datafield tag="650" ind1=" " ind2="7"><subfield code="a">Jugendhilfe</subfield><subfield code="0">(DE-Frei129)00012692</subfield><subfield code="0">(DE-588)4028892-4</subfield><subfield code="2">gnd</subfield></datafield><datafield tag="650" ind1=" " ind2="7"><subfield code="a">Aktionsforschung</subfield><subfield code="0">(DE-Frei129)00000914</subfield><subfield code="0">(DE-588)4000957-9</subfield><subfield code="2">gnd</subfield></datafield><datafield tag="689" ind1="0" ind2="0"><subfield code="0">(DE-588)4028892-4</subfield><subfield code="D">s</subfield><subfield code="a">Jugendhilfe </subfield></datafield><datafield tag="689" ind1="0" ind2="1"><subfield code="0">(DE-588)4000957-9</subfield><subfield code="D">s</subfield><subfield code="a">Aktionsforschung</subfield><subfield code="5">DE-101</subfield></datafield><datafield tag="700" ind1="1" ind2=" "><subfield code="0">(DE-588)122853148</subfield><subfield code="0">(DE-Frei129)00133931</subfield><subfield code="a">Maykus, Stephan</subfield><subfield code="4">Hrsg.</subfield></datafield><datafield tag="700" ind1="1" ind2=" "><subfield code="0">(DE-588)1016899211</subfield><subfield code="0">(DE-Frei129)00029606</subfield><subfield code="a">Koch, Günther</subfield><subfield code="4">oth</subfield></datafield><datafield tag="776" ind1="0" ind2="8"><subfield code="a">Stephan Maykus (Hrsg.)</subfield><subfield code="i">Erscheint auch als Online-Ausgabe</subfield><subfield code="t">Praxisforschung in der Kinder- und Jugendhilfe</subfield><subfield code="w">(DE-Frei129)59137549</subfield><subfield code="w">(DE-576)618465413</subfield></datafield><datafield tag="776" ind1="0" ind2="8"><subfield code="a">herausgegeben von Stephan Maykus</subfield><subfield code="i">Erscheint auch als Online-Ausgabe</subfield><subfield code="t">Praxisforschung in der Kinder- und Jugendhilfe</subfield><subfield code="w">(DE-Frei129)00447488</subfield></datafield><datafield tag="776" ind1="0" ind2="8"><subfield code="a">Stephan Maykus</subfield><subfield code="i">Erscheint auch als Online-Ausgabe</subfield><subfield code="t">Praxisforschung in der Kinder- und Jugendhilfe</subfield><subfield code="w">(DE-Frei129)59739018</subfield></datafield><datafield tag="856" ind1="4" ind2=" "><subfield code="8">00</subfield><subfield code="u">http://www.socialnet.de/rezensionen/isbn.php?isbn=978-3-531-16813-5</subfield><subfield code="y">Rezension</subfield></datafield><datafield tag="856" ind1="4" ind2=" "><subfield code="8">01</subfield><subfield code="u">http://d-nb.info/998545090/04</subfield><subfield code="y">Verlagsinformation</subfield></datafield><datafield tag="980" ind1="0" ind2=" "><subfield code="a">00210244</subfield><subfield code="9">(PHFR)</subfield><subfield code="b">EG-Anbau (32)</subfield><subfield code="c">Paed U 350: 124 a</subfield><subfield code="d">Standardleihe (01)</subfield><subfield code="e">Verfügbar (X)</subfield></datafield></record>