
<record><leader>04798nam a2200000uu 4500</leader><controlfield tag="001">00639755</controlfield><controlfield tag="003">DE-Frei129</controlfield><controlfield tag="005">20220811084059.0</controlfield><controlfield tag="007">tu</controlfield><controlfield tag="008">100505s2010    |||||||||m||||||||||ger||</controlfield><datafield tag="015" ind1=" " ind2=" "><subfield code="a">10,N18</subfield></datafield><datafield tag="016" ind1="7" ind2=" "><subfield code="a">1001928873</subfield><subfield code="2">DE-101</subfield></datafield><datafield tag="020" ind1=" " ind2=" "><subfield code="a">9783531175751</subfield><subfield code="9">9783531175751</subfield><subfield code="c">PB. : ca. EUR 34.95</subfield></datafield><datafield tag="024" ind1="3" ind2=" "><subfield code="a">9783531175751</subfield></datafield><datafield tag="035" ind1=" " ind2=" "><subfield code="a">(DE-576)625368606</subfield></datafield><datafield tag="041" ind1=" " ind2=" "><subfield code="a">ger</subfield></datafield><datafield tag="044" ind1=" " ind2=" "><subfield code="c">XA-DE-HE</subfield></datafield><datafield tag="100" ind1="1" ind2=" "><subfield code="a">Dörhöfer, Steffen</subfield><subfield code="0">(DE-Frei129)00267788</subfield><subfield code="0">(DE-588)132111977</subfield><subfield code="4">aut</subfield></datafield><datafield tag="245" ind1="1" ind2="0"><subfield code="a">Management und Organisation von Wissensarbeit</subfield><subfield code="b">[Strategie, Arbeitssystem und organisationale Praktiken in wissensbasierten Unternehmen]</subfield><subfield code="c">Steffen Dörhöfer</subfield></datafield><datafield tag="250" ind1=" " ind2=" "><subfield code="a">1. Aufl.</subfield></datafield><datafield tag="260" ind1="3" ind2=" "><subfield code="a">Wiesbaden</subfield><subfield code="b">VS Verlag für Sozialwissenschaften</subfield><subfield code="c">2010</subfield></datafield><datafield tag="300" ind1=" " ind2=" "><subfield code="a">250 Seiten</subfield><subfield code="b">graph.  Darst.</subfield><subfield code="c">210 mm x 148 mm</subfield></datafield><datafield tag="490" ind1="0" ind2=" "><subfield code="a">VS-Research</subfield></datafield><datafield tag="500" ind1=" " ind2=" "><subfield code="a">Marburg</subfield></datafield><datafield tag="500" ind1=" " ind2=" "><subfield code="a">Literaturverz. S. [233] - 250</subfield></datafield><datafield tag="500" ind1=" " ind2=" "><subfield code="a">IMD-Felder maschinell generiert (GBV)</subfield></datafield><datafield tag="502" ind1=" " ind2=" "><subfield code="a">Zugl.: Marburg, Univ., Diss., 2010</subfield></datafield><datafield tag="650" ind1=" " ind2="7"><subfield code="a">Wissensmanagement</subfield><subfield code="0">(DE-Frei129)00036352</subfield><subfield code="0">(DE-588)4561842-2</subfield><subfield code="2">gnd</subfield></datafield><datafield tag="650" ind1=" " ind2="7"><subfield code="a">Industriesoziologie</subfield><subfield code="0">(DE-Frei129)00059823</subfield><subfield code="0">(DE-588)4161626-1</subfield><subfield code="2">gnd</subfield></datafield><datafield tag="689" ind1="0" ind2="0"><subfield code="0">(DE-588)4561842-2</subfield><subfield code="D">s</subfield><subfield code="a">Wissensmanagement </subfield></datafield><datafield tag="689" ind1="0" ind2="1"><subfield code="0">(DE-588)4161626-1</subfield><subfield code="D">s</subfield><subfield code="a">Industriesoziologie</subfield><subfield code="5">DE-101</subfield></datafield><datafield tag="776" ind1="0" ind2="8"><subfield code="a">von Steffen Dörhöfer</subfield><subfield code="i">Erscheint auch als Online-Ausgabe</subfield><subfield code="t">Management und Organisation von Wissensarbeit</subfield><subfield code="w">(DE-Frei129)00639754</subfield><subfield code="w">(DE-576)165055771X</subfield></datafield><datafield tag="776" ind1="0" ind2="8"><subfield code="a">Steffen Daniel Dörhöfer ; Steffen Daniel Dorhofer</subfield><subfield code="i">Erscheint auch als Online-Ausgabe</subfield><subfield code="t">Management und Organisation von Wissensarbeit</subfield><subfield code="w">(DE-Frei129)03625813</subfield></datafield><datafield tag="852" ind1=" " ind2=" "><subfield code="a">Frei 129</subfield><subfield code="b">PHFR</subfield><subfield code="c">MS 5650 D652</subfield></datafield><datafield tag="856" ind1="4" ind2=" "><subfield code="8">00</subfield><subfield code="u">https://www.gbv.de/dms/zbw/625368606.pdf</subfield><subfield code="y">Inhaltsverzeichnis</subfield></datafield><datafield tag="980" ind1="0" ind2=" "><subfield code="a">00260003</subfield><subfield code="9">(PHFR)</subfield><subfield code="b">Handbibliothek (50)</subfield><subfield code="c">Soz K 300: 36</subfield><subfield code="d">Handbibliothek - nie verleihbar (54)</subfield><subfield code="e">Verfügbar (X)</subfield></datafield></record>