
<record><leader>04840nam a2200000uu 4500</leader><controlfield tag="001">00623979</controlfield><controlfield tag="003">DE-Frei129</controlfield><controlfield tag="005">20220811084059.0</controlfield><controlfield tag="007">tu</controlfield><controlfield tag="008">101026s2010    ||||||||||||||||||||ger||</controlfield><datafield tag="020" ind1=" " ind2=" "><subfield code="a">9783830809098</subfield><subfield code="9">9783830809098</subfield></datafield><datafield tag="035" ind1=" " ind2=" "><subfield code="a">(DE-576)637843703</subfield></datafield><datafield tag="041" ind1=" " ind2=" "><subfield code="a">ger</subfield></datafield><datafield tag="044" ind1=" " ind2=" "><subfield code="c">XA-DE</subfield></datafield><datafield tag="100" ind1="1" ind2=" "><subfield code="a">Tummel, Birgitta</subfield><subfield code="0">(DE-Frei129)00263526</subfield></datafield><datafield tag="245" ind1="1" ind2="0"><subfield code="a">Essen geht durch den Magen</subfield><subfield code="b">die kleine Ernährungslehre</subfield><subfield code="c">[Text: Birgitta Tummel. Hrsg. vom Auswertungs- und Informationsdienst für Ernährung, Landwirtschaft und Forsten (aid) e.V.]</subfield></datafield><datafield tag="250" ind1=" " ind2=" "><subfield code="a">9., überarb. Aufl.</subfield></datafield><datafield tag="260" ind1="3" ind2=" "><subfield code="a">Bonn</subfield><subfield code="b">AID</subfield><subfield code="c">2010</subfield></datafield><datafield tag="300" ind1=" " ind2=" "><subfield code="a">51 Seiten</subfield><subfield code="b">Ill.</subfield><subfield code="c">21 cm</subfield></datafield><datafield tag="490" ind1="1" ind2=" "><subfield code="a">AID </subfield><subfield code="v">1231</subfield></datafield><datafield tag="500" ind1=" " ind2=" "><subfield code="a">IMD-Felder maschinell generiert (GBV)</subfield></datafield><datafield tag="520" ind1=" " ind2=" "><subfield code="a">Unsere Verdauungsorgane leisten täglich Schwerstarbeit, um die unterschiedlichen Lebensmittel in ihre Nährstoffe zu zerlegen. Das Heft beschreibt die beteiligten Organe, ihre Aufgaben und die jeweils ablaufenden Prozesse. Darüber hinaus erläutert die Broschüre Aufbau und Funktion von Proteinen, Fetten, Kohlenhydraten, Vitaminen und Mineralien. Auch die Bedeutung der Ballaststoffe und der Weg der aufgenommenen Flüssigkeit werden beschrieben. Ein zusätzliches Kapitel beantwortet besonders häufig gestellte Fragen, in denen es z.B. um die günstigsten Esszeiten geht, um Sodbrennen oder um die Wirkung von Abführmitteln. Ein echtes Grundlagenwerk, das die komplexen Vorgänge der Verdauung unterhaltsam und gut verständlich vermittelt (Quelle: aid).</subfield></datafield><datafield tag="650" ind1=" " ind2="7"><subfield code="a">Ernährungserziehung</subfield><subfield code="0">(DE-Frei129)00071226</subfield><subfield code="0">(DE-588)4191430-2</subfield><subfield code="2">gnd</subfield></datafield><datafield tag="650" ind1=" " ind2="7"><subfield code="a">Ratgeber</subfield><subfield code="0">(DE-Frei129)00053265</subfield><subfield code="0">(DE-588)4048476-2</subfield><subfield code="2">gnd</subfield></datafield><datafield tag="689" ind1="0" ind2="0"><subfield code="0">(DE-588)4191430-2</subfield><subfield code="D">s</subfield><subfield code="a">Ernährungserziehung </subfield></datafield><datafield tag="689" ind1="0" ind2="1"><subfield code="0">(DE-588)4048476-2</subfield><subfield code="D">s</subfield><subfield code="a">Ratgeber</subfield><subfield code="5">DE-101</subfield></datafield><datafield tag="710" ind1="2" ind2=" "><subfield code="0">(DE-Frei129)00005419</subfield><subfield code="0">(DE-588)2076426-1</subfield><subfield code="a">Auswertungs- und Informationsdienst für Ernährung, Landwirtschaft und Forsten</subfield><subfield code="4">oth</subfield></datafield><datafield tag="830" ind1=" " ind2="0"><subfield code="a">AID</subfield><subfield code="v">1231</subfield><subfield code="w">(DE-Frei129)00083851</subfield><subfield code="9">41231</subfield></datafield><datafield tag="852" ind1=" " ind2=" "><subfield code="a">Frei 129</subfield><subfield code="b">PHFR</subfield><subfield code="c">ZE 40000 T925 (9)</subfield></datafield><datafield tag="980" ind1="0" ind2=" "><subfield code="a">00341239</subfield><subfield code="9">(PHFR)</subfield><subfield code="b">Handbibliothek (50)</subfield><subfield code="c">HTW B 10: 50 a</subfield><subfield code="d">Handbibliothek - nie verleihbar (54)</subfield><subfield code="e">Verfügbar (X)</subfield></datafield><datafield tag="980" ind1="0" ind2=" "><subfield code="a">00341240</subfield><subfield code="9">(PHFR)</subfield><subfield code="b">Handbibliothek (50)</subfield><subfield code="c">HTW B 10: 50</subfield><subfield code="d">Handbibliothek - nie verleihbar (54)</subfield><subfield code="e">Verfügbar (X)</subfield></datafield></record>