
<record><leader>03409nam a2200000uu 4500</leader><controlfield tag="001">00623976</controlfield><controlfield tag="003">DE-Frei129</controlfield><controlfield tag="005">20220811084059.0</controlfield><controlfield tag="007">tu</controlfield><controlfield tag="008">100519s2010    ||||||||||||||||||||ger||</controlfield><datafield tag="020" ind1=" " ind2=" "><subfield code="a">9783868510157</subfield><subfield code="9">9783868510157</subfield><subfield code="c">GB. : EUR 24.90, sfr 42.30 (freier Pr.)</subfield></datafield><datafield tag="035" ind1=" " ind2=" "><subfield code="a">(DE-576)62648894X</subfield></datafield><datafield tag="041" ind1=" " ind2=" "><subfield code="a">ger</subfield></datafield><datafield tag="044" ind1=" " ind2=" "><subfield code="c">XA-DE-BE</subfield></datafield><datafield tag="100" ind1="1" ind2=" "><subfield code="a">Meuth, Martina</subfield><subfield code="0">(DE-Frei129)00258684</subfield><subfield code="0">(DE-588)12006877X</subfield></datafield><datafield tag="245" ind1="1" ind2="0"><subfield code="a">Kochwerkstatt</subfield><subfield code="b">Küchentechnik, Handwerkszeug, 1000 Tipps &amp; Tricks</subfield><subfield code="c">Martina Meuth; Bernd Neuner-Duttenhofer</subfield></datafield><datafield tag="260" ind1="3" ind2=" "><subfield code="a">Berlin</subfield><subfield code="b">Stiftung Warentest</subfield><subfield code="c">2010</subfield></datafield><datafield tag="300" ind1=" " ind2=" "><subfield code="a">479 Seiten</subfield><subfield code="b">zahlr. Ill.</subfield><subfield code="c">255 mm x 198 mm</subfield></datafield><datafield tag="500" ind1=" " ind2=" "><subfield code="a">IMD-Felder maschinell generiert (GBV)</subfield></datafield><datafield tag="650" ind1=" " ind2="7"><subfield code="a">Küchengerät</subfield><subfield code="0">(DE-Frei129)00010934</subfield><subfield code="0">(DE-588)4033371-1</subfield><subfield code="2">gnd</subfield></datafield><datafield tag="689" ind1="0" ind2="0"><subfield code="0">(DE-588)4033371-1</subfield><subfield code="D">s</subfield><subfield code="a">Küchengerät</subfield><subfield code="5">DE-101</subfield></datafield><datafield tag="700" ind1="1" ind2=" "><subfield code="0">(DE-588)120002892</subfield><subfield code="0">(DE-Frei129)00073035</subfield><subfield code="a">Neuner-Duttenhofer, Bernd</subfield><subfield code="4">aut</subfield></datafield><datafield tag="852" ind1=" " ind2=" "><subfield code="a">Frei 129</subfield><subfield code="b">PHFR</subfield><subfield code="c">ZH 8975 M599</subfield></datafield><datafield tag="856" ind1="4" ind2=" "><subfield code="8">00</subfield><subfield code="u">http://deposit.d-nb.de/cgi-bin/dokserv?id=3474281&amp;prov=M&amp;dok_var=1&amp;dok_ext=htm</subfield><subfield code="y">Inhaltstext</subfield></datafield><datafield tag="980" ind1="0" ind2=" "><subfield code="a">00214147</subfield><subfield code="9">(PHFR)</subfield><subfield code="b">UG (33)</subfield><subfield code="c">ZH 8975 M599</subfield><subfield code="d">Standardleihe (01)</subfield><subfield code="e">Verfügbar (X)</subfield></datafield><datafield tag="980" ind1="0" ind2=" "><subfield code="a">00325911</subfield><subfield code="9">(PHFR)</subfield><subfield code="b">Handbibliothek (50)</subfield><subfield code="c">HTW A 480: 18</subfield><subfield code="d">Handbibliothek - nie verleihbar (54)</subfield><subfield code="e">Verfügbar (X)</subfield></datafield></record>