
<record><leader>04507nam a2200000uu 4500</leader><controlfield tag="001">00325014</controlfield><controlfield tag="003">DE-Frei129</controlfield><controlfield tag="005">20220811084100.0</controlfield><controlfield tag="007">tu</controlfield><controlfield tag="008">100203s2010    ||||||||||||||||||||ger||</controlfield><datafield tag="015" ind1=" " ind2=" "><subfield code="a">10,N03</subfield></datafield><datafield tag="016" ind1="7" ind2=" "><subfield code="a">999134981</subfield><subfield code="2">DE-101</subfield></datafield><datafield tag="020" ind1=" " ind2=" "><subfield code="a">9783427506102</subfield><subfield code="9">9783427506102</subfield><subfield code="c">PB. : ca. EUR 9.90</subfield></datafield><datafield tag="024" ind1="3" ind2=" "><subfield code="a">9783427506102</subfield></datafield><datafield tag="035" ind1=" " ind2=" "><subfield code="a">(DE-576)617885443</subfield></datafield><datafield tag="041" ind1=" " ind2=" "><subfield code="a">ger</subfield></datafield><datafield tag="044" ind1=" " ind2=" "><subfield code="c">XA-DE-NW</subfield></datafield><datafield tag="100" ind1="1" ind2=" "><subfield code="a">Keggenhoff, Franz</subfield><subfield code="0">(DE-Frei129)00111546</subfield></datafield><datafield tag="245" ind1="1" ind2="0"><subfield code="a">Erste Hilfe am Kind</subfield><subfield code="b">[Handbuch]</subfield><subfield code="c">Franz Keggenhoff. Deutsche Rotes Kreuz</subfield></datafield><datafield tag="250" ind1=" " ind2=" "><subfield code="a">1. Aufl.</subfield></datafield><datafield tag="260" ind1="3" ind2=" "><subfield code="a">Troisdorf</subfield><subfield code="b">Bildungsverlag EINS</subfield><subfield code="c">c2010</subfield></datafield><datafield tag="300" ind1=" " ind2=" "><subfield code="a">143 Seiten</subfield><subfield code="b">Ill., graph. Darst.</subfield><subfield code="c">194 gr.</subfield></datafield><datafield tag="490" ind1="0" ind2=" "><subfield code="a">Gesundheitliche Bildung</subfield></datafield><datafield tag="500" ind1=" " ind2=" "><subfield code="a">IMD-Felder maschinell generiert (GBV)</subfield></datafield><datafield tag="650" ind1=" " ind2="7"><subfield code="a">Kind</subfield><subfield code="0">(DE-Frei129)00001633</subfield><subfield code="0">(DE-588)4030550-8</subfield><subfield code="2">gnd</subfield></datafield><datafield tag="650" ind1=" " ind2="7"><subfield code="a">Notfall</subfield><subfield code="0">(DE-Frei129)00052654</subfield><subfield code="0">(DE-588)4140939-5</subfield><subfield code="2">gnd</subfield></datafield><datafield tag="650" ind1=" " ind2="7"><subfield code="a">Erste Hilfe</subfield><subfield code="0">(DE-Frei129)00007266</subfield><subfield code="0">(DE-588)4015411-7</subfield><subfield code="2">gnd</subfield></datafield><datafield tag="689" ind1="0" ind2="0"><subfield code="0">(DE-588)4030550-8</subfield><subfield code="D">s</subfield><subfield code="a">Kind </subfield></datafield><datafield tag="689" ind1="0" ind2="1"><subfield code="0">(DE-588)4140939-5</subfield><subfield code="D">s</subfield><subfield code="a">Notfall </subfield></datafield><datafield tag="689" ind1="0" ind2="2"><subfield code="0">(DE-588)4015411-7</subfield><subfield code="D">s</subfield><subfield code="a">Erste Hilfe</subfield><subfield code="5">DE-101</subfield></datafield><datafield tag="710" ind1="2" ind2=" "><subfield code="0">(DE-Frei129)00004631</subfield><subfield code="0">(DE-588)2116802-7</subfield><subfield code="a">Deutsches Rotes Kreuz (Deutschland)</subfield><subfield code="4">oth</subfield></datafield><datafield tag="852" ind1=" " ind2=" "><subfield code="a">Frei129</subfield><subfield code="c">Bio E 660: 63</subfield></datafield><datafield tag="856" ind1="4" ind2=" "><subfield code="8">00</subfield><subfield code="u">http://external.dandelon.com/download/attachments/dandelon/ids/DE004A7E7BC8D59D098B4C1257A2E0048A61E.pdf</subfield><subfield code="y">Inhaltsverzeichnis</subfield></datafield><datafield tag="856" ind1="4" ind2=" "><subfield code="8">01</subfield><subfield code="u">https://external.dandelon.com/download/attachments/dandelon/ids/DE004A7E7BC8D59D098B4C1257A2E0048A61E.pdf</subfield><subfield code="y">Verlagsinformation</subfield></datafield><datafield tag="980" ind1="0" ind2=" "><subfield code="a">00216775</subfield><subfield code="9">(PHFR)</subfield><subfield code="b">UG (33)</subfield><subfield code="c">Bio E 660: 63</subfield><subfield code="d">Standardleihe (01)</subfield><subfield code="e">Verfügbar (X)</subfield></datafield></record>