
<record><leader>03567nam a2200000uu 4500</leader><controlfield tag="001">00324780</controlfield><controlfield tag="003">DE-Frei129</controlfield><controlfield tag="005">20220811084100.0</controlfield><controlfield tag="007">tu</controlfield><controlfield tag="008">100521s2010    ||||||||||||||||||||ger||</controlfield><datafield tag="020" ind1=" " ind2=" "><subfield code="a">9783403039952</subfield><subfield code="9">978-3-403-03995-2</subfield></datafield><datafield tag="024" ind1="3" ind2=" "><subfield code="a">9783403039952</subfield></datafield><datafield tag="035" ind1=" " ind2=" "><subfield code="a">(DE-576)623914433</subfield></datafield><datafield tag="041" ind1=" " ind2=" "><subfield code="a">ger</subfield></datafield><datafield tag="044" ind1=" " ind2=" "><subfield code="c">XA-DE</subfield></datafield><datafield tag="100" ind1="1" ind2=" "><subfield code="a">Maras, Rainer</subfield><subfield code="0">(DE-Frei129)00091370</subfield><subfield code="0">(DE-588)128604751</subfield></datafield><datafield tag="245" ind1="1" ind2="0"><subfield code="a">Handbuch für die Unterrichtsgestaltung in der Grundschule</subfield><subfield code="b">Planungshilfen, Strukturmodelle, didaktische und methodische Grundlagen</subfield><subfield code="c">Rainer Maras; Josef Ametsbichler; Beate Eckert-Kalthoff</subfield></datafield><datafield tag="250" ind1=" " ind2=" "><subfield code="a">5. Aufl.</subfield></datafield><datafield tag="260" ind1="3" ind2=" "><subfield code="a">Donauwörth</subfield><subfield code="b">Auer</subfield><subfield code="c">2010</subfield></datafield><datafield tag="300" ind1=" " ind2=" "><subfield code="a">399  Seiten</subfield><subfield code="b">Ill., graph. Darst.</subfield><subfield code="c">24 cm</subfield></datafield><datafield tag="500" ind1=" " ind2=" "><subfield code="a">5090 ff aus Titel PPN 290217202 übernommen</subfield></datafield><datafield tag="650" ind1=" " ind2="7"><subfield code="a">Grundschulunterricht</subfield><subfield code="0">(DE-Frei129)00010262</subfield><subfield code="0">(DE-588)4022354-1</subfield><subfield code="2">gnd</subfield></datafield><datafield tag="689" ind1="0" ind2="0"><subfield code="0">(DE-588)4022354-1</subfield><subfield code="D">s</subfield><subfield code="a">Grundschulunterricht</subfield><subfield code="5">DE-101</subfield></datafield><datafield tag="700" ind1="1" ind2=" "><subfield code="0">(DE-588)128604808</subfield><subfield code="0">(DE-Frei129)00141248</subfield><subfield code="a">Ametsbichler, Josef</subfield><subfield code="4">aut</subfield></datafield><datafield tag="700" ind1="1" ind2=" "><subfield code="0">(DE-588)128604824</subfield><subfield code="0">(DE-Frei129)00141249</subfield><subfield code="a">Eckert-Kalthoff, Beate</subfield><subfield code="4">aut</subfield></datafield><datafield tag="852" ind1=" " ind2=" "><subfield code="a">Frei129</subfield><subfield code="c">Paed K 700: 150 e</subfield></datafield><datafield tag="856" ind1="4" ind2=" "><subfield code="8">00</subfield><subfield code="u">http://bvbr.bib-bvb.de:8991/F?func=service&amp;doc_library=BVB01&amp;doc_number=018959640&amp;line_number=0001&amp;func_code=DB_RECORDS&amp;service_type=MEDIA</subfield><subfield code="y">Inhaltsverzeichnis</subfield></datafield><datafield tag="980" ind1="0" ind2=" "><subfield code="a">00217375</subfield><subfield code="9">(PHFR)</subfield><subfield code="b">EG-Anbau (32)</subfield><subfield code="c">Paed K 700: 150 e</subfield><subfield code="d">Standardleihe (01)</subfield><subfield code="e">Verfügbar (X)</subfield></datafield></record>