
<record><leader>03623nam a2200000uu 4500</leader><controlfield tag="001">00324698</controlfield><controlfield tag="003">DE-Frei129</controlfield><controlfield tag="005">20220811084100.0</controlfield><controlfield tag="007">tu</controlfield><controlfield tag="008">100517s2010    ||||||||||||||||||||ger||</controlfield><datafield tag="015" ind1=" " ind2=" "><subfield code="a">10,A18</subfield></datafield><datafield tag="016" ind1="7" ind2=" "><subfield code="a">994722958</subfield><subfield code="2">DE-101</subfield></datafield><datafield tag="020" ind1=" " ind2=" "><subfield code="a">9783871015304</subfield><subfield code="9">978-3-87101-530-4</subfield><subfield code="c">spiralgeh. : EUR 32.80</subfield></datafield><datafield tag="024" ind1="3" ind2=" "><subfield code="a">9783871015304</subfield></datafield><datafield tag="035" ind1=" " ind2=" "><subfield code="a">(DE-576)602546001</subfield></datafield><datafield tag="041" ind1=" " ind2=" "><subfield code="a">ger</subfield></datafield><datafield tag="044" ind1=" " ind2=" "><subfield code="c">XA-DE-BY</subfield></datafield><datafield tag="245" ind1="1" ind2="0"><subfield code="a">Medienkompetenz entwickeln und fördern von Anfang an</subfield><subfield code="b">Grundlagen - innovative Projektideen - Unterrichtsskizzen - veränderbare Arbeitsmaterialien auf DVD; für alle Schularten; [mit Kopiervorlagen]</subfield><subfield code="c">Irmtrud Brunner ...</subfield></datafield><datafield tag="250" ind1=" " ind2=" "><subfield code="a">1. Aufl.</subfield></datafield><datafield tag="260" ind1="3" ind2=" "><subfield code="a">Augsburg</subfield><subfield code="b">Brigg Pädagogik</subfield><subfield code="c">2010</subfield></datafield><datafield tag="300" ind1=" " ind2=" "><subfield code="a">130  Seiten</subfield><subfield code="b">Ill.</subfield><subfield code="c">21 x 30 cm</subfield><subfield code="e">1 DVD (12 cm)</subfield></datafield><datafield tag="490" ind1="0" ind2=" "><subfield code="a">Methodik</subfield></datafield><datafield tag="500" ind1=" " ind2=" "><subfield code="a">Spiralbindung</subfield></datafield><datafield tag="500" ind1=" " ind2=" "><subfield code="a">5090: ddsu/sred</subfield></datafield><datafield tag="700" ind1="1" ind2=" "><subfield code="0">(DE-588)141121181</subfield><subfield code="0">(DE-Frei129)00173303</subfield><subfield code="a">Brunner, Irmtrud</subfield><subfield code="4">oth</subfield></datafield><datafield tag="700" ind1="1" ind2=" "><subfield code="0">(DE-Frei129)01055255</subfield><subfield code="a">Geyer, Bernd</subfield><subfield code="4">oth</subfield></datafield><datafield tag="700" ind1="1" ind2=" "><subfield code="0">(DE-Frei129)01179623</subfield><subfield code="a">Hagenberger, Klaus</subfield><subfield code="4">oth</subfield></datafield><datafield tag="700" ind1="1" ind2=" "><subfield code="0">(DE-Frei129)01179624</subfield><subfield code="a">Nitsche-Lorenz, Volker</subfield><subfield code="4">oth</subfield></datafield><datafield tag="700" ind1="1" ind2=" "><subfield code="0">(DE-Frei129)01179625</subfield><subfield code="a">Pensky, Karl</subfield><subfield code="4">oth</subfield></datafield><datafield tag="852" ind1=" " ind2=" "><subfield code="a">Frei 129</subfield><subfield code="b">PHFR</subfield><subfield code="c">Paed M 690: 247</subfield></datafield><datafield tag="980" ind1="0" ind2=" "><subfield code="a">00212216</subfield><subfield code="9">(PHFR)</subfield><subfield code="b">EG-Anbau (32)</subfield><subfield code="c">Paed M 690: 247</subfield><subfield code="d">Standardleihe (01)</subfield><subfield code="e">Verfügbar (X)</subfield></datafield></record>