
<record><leader>03815nam a2200000uu 4500</leader><controlfield tag="001">00324693</controlfield><controlfield tag="003">DE-Frei129</controlfield><controlfield tag="005">20220811084100.0</controlfield><controlfield tag="007">tu</controlfield><controlfield tag="008">100514s2010    ||||||||||||||||||||ger||</controlfield><datafield tag="015" ind1=" " ind2=" "><subfield code="a">10,A14</subfield></datafield><datafield tag="016" ind1="7" ind2=" "><subfield code="a">999218611</subfield><subfield code="2">DE-101</subfield></datafield><datafield tag="020" ind1=" " ind2=" "><subfield code="a">9783938198285</subfield><subfield code="9">978-3-938198-28-5</subfield><subfield code="c">kart. : EUR 39.80</subfield></datafield><datafield tag="024" ind1="3" ind2=" "><subfield code="a">9783938198285</subfield></datafield><datafield tag="035" ind1=" " ind2=" "><subfield code="a">(DE-576)617907153</subfield></datafield><datafield tag="041" ind1=" " ind2=" "><subfield code="a">ger</subfield></datafield><datafield tag="044" ind1=" " ind2=" "><subfield code="c">XA-DE-HH</subfield></datafield><datafield tag="100" ind1="1" ind2=" "><subfield code="a">Boyken, Heinz-Peter</subfield><subfield code="0">(DE-Frei129)00167294</subfield><subfield code="0">(DE-588)136708692</subfield><subfield code="4">aut</subfield></datafield><datafield tag="245" ind1="1" ind2="0"><subfield code="a">Kleine Schritte vom Frontalunterricht zur Individualisierung</subfield><subfield code="b">Unterrichtsorganisation zur individuellen Förderung</subfield><subfield code="c">Heinz-Peter Boyken</subfield></datafield><datafield tag="250" ind1=" " ind2=" "><subfield code="a">1. Aufl.</subfield></datafield><datafield tag="260" ind1="3" ind2=" "><subfield code="a">Hamburg</subfield><subfield code="b">Coverport-Verl.</subfield><subfield code="c">2010</subfield></datafield><datafield tag="300" ind1=" " ind2=" "><subfield code="a">228  Seiten</subfield><subfield code="b">Ill.</subfield><subfield code="c">30 cm</subfield><subfield code="e">1 CD-ROM (12 cm)</subfield></datafield><datafield tag="650" ind1=" " ind2="7"><subfield code="a">Unterrichtsmethode</subfield><subfield code="0">(DE-Frei129)00033067</subfield><subfield code="0">(DE-588)4078637-7</subfield><subfield code="2">gnd</subfield></datafield><datafield tag="650" ind1=" " ind2="7"><subfield code="a">Begabtenförderung</subfield><subfield code="0">(DE-Frei129)00027509</subfield><subfield code="0">(DE-588)4069227-9</subfield><subfield code="2">gnd</subfield></datafield><datafield tag="689" ind1="0" ind2="0"><subfield code="0">(DE-588)4078637-7</subfield><subfield code="D">s</subfield><subfield code="a">Unterrichtsmethode </subfield></datafield><datafield tag="689" ind1="0" ind2="1"><subfield code="0">(DE-588)4069227-9</subfield><subfield code="D">s</subfield><subfield code="a">Begabtenförderung</subfield><subfield code="5">DE-101</subfield></datafield><datafield tag="852" ind1=" " ind2=" "><subfield code="a">Frei 129</subfield><subfield code="b">PHFR</subfield><subfield code="c">Paed H 540: 190</subfield></datafield><datafield tag="856" ind1="4" ind2=" "><subfield code="8">00</subfield><subfield code="u">http://d-nb.info/999218611/04</subfield><subfield code="y">Inhaltsverzeichnis</subfield></datafield><datafield tag="856" ind1="4" ind2=" "><subfield code="8">01</subfield><subfield code="u">http://deposit.d-nb.de/cgi-bin/dokserv?id=3407450&amp;prov=M&amp;dok_var=1&amp;dok_ext=htm</subfield><subfield code="y">Inhaltstext</subfield></datafield><datafield tag="980" ind1="0" ind2=" "><subfield code="a">00205560</subfield><subfield code="9">(PHFR)</subfield><subfield code="b">EG-Anbau (32)</subfield><subfield code="c">Paed H 540: 190</subfield><subfield code="d">Standardleihe (01)</subfield><subfield code="e">Verfügbar (X)</subfield></datafield></record>