
<record><leader>03555nam a2200000uu 4500</leader><controlfield tag="001">00324613</controlfield><controlfield tag="003">DE-Frei129</controlfield><controlfield tag="005">20220811084100.0</controlfield><controlfield tag="007">tu</controlfield><controlfield tag="008">100504s2010    ||||||||||||||||||||ger||</controlfield><datafield tag="015" ind1=" " ind2=" "><subfield code="a">10,A16</subfield></datafield><datafield tag="016" ind1="7" ind2=" "><subfield code="a">999329804</subfield><subfield code="2">DE-101</subfield></datafield><datafield tag="020" ind1=" " ind2=" "><subfield code="a">9783932708466</subfield><subfield code="9">978-3-932708-46-6</subfield><subfield code="c">kart. : EUR 11.80, sfr 20.50 (freier Pr.)</subfield></datafield><datafield tag="024" ind1="3" ind2=" "><subfield code="a">9783932708466</subfield></datafield><datafield tag="035" ind1=" " ind2=" "><subfield code="a">(DE-576)1602865116</subfield></datafield><datafield tag="041" ind1=" " ind2=" "><subfield code="a">ger</subfield></datafield><datafield tag="044" ind1=" " ind2=" "><subfield code="c">XA-DE-NW</subfield></datafield><datafield tag="100" ind1="1" ind2=" "><subfield code="a">Schoenaker, Theo</subfield><subfield code="0">(DE-Frei129)00165368</subfield><subfield code="0">(DE-588)115875301</subfield></datafield><datafield tag="245" ind1="1" ind2="0"><subfield code="a">Erfolg in der Schule</subfield><subfield code="b">die Kraft der Ermutigung zu Hause und in der Klasse</subfield><subfield code="c">Theo Schoenaker; Ewald Th. Müller; John M. Platt</subfield></datafield><datafield tag="250" ind1=" " ind2=" "><subfield code="a">Orig.-Ausg., 2., korrigierte und erw. Aufl.</subfield></datafield><datafield tag="260" ind1="3" ind2=" "><subfield code="a">Bocholt</subfield><subfield code="b">RDI-Verl.</subfield><subfield code="c">2010</subfield></datafield><datafield tag="300" ind1=" " ind2=" "><subfield code="a">128  Seiten</subfield><subfield code="b">Ill.</subfield><subfield code="c">21 cm, 190 gr.</subfield></datafield><datafield tag="500" ind1=" " ind2=" "><subfield code="a">Literaturangaben</subfield></datafield><datafield tag="500" ind1=" " ind2=" "><subfield code="a">5090: ddsu/sred</subfield></datafield><datafield tag="700" ind1="1" ind2=" "><subfield code="0">(DE-Frei129)00156704</subfield><subfield code="a">Müller, Ewald Th.</subfield><subfield code="4">aut</subfield></datafield><datafield tag="700" ind1="1" ind2=" "><subfield code="0">(DE-Frei129)00125052</subfield><subfield code="a">Platt, John M.</subfield><subfield code="4">aut</subfield></datafield><datafield tag="785" ind1="0" ind2="8"><subfield code="a">Theo Schoenaker; Ewald Th. Müller; John M. Platt</subfield><subfield code="i">Zeitweise</subfield><subfield code="t">Eltern &amp; Lehrer für eine erfolgreiche Schulzeit</subfield><subfield code="w">(DE-Frei129)00286880</subfield><subfield code="w">(DE-576)522126464</subfield></datafield><datafield tag="852" ind1=" " ind2=" "><subfield code="a">Frei129</subfield><subfield code="c">Psy G 400: 77</subfield></datafield><datafield tag="856" ind1="4" ind2=" "><subfield code="8">00</subfield><subfield code="u">http://d-nb.info/999329804/04</subfield><subfield code="y">Inhaltsverzeichnis</subfield></datafield><datafield tag="980" ind1="0" ind2=" "><subfield code="a">00212146</subfield><subfield code="9">(PHFR)</subfield><subfield code="b">EG-Anbau (32)</subfield><subfield code="c">Psy G 400: 77</subfield><subfield code="d">Standardleihe (01)</subfield><subfield code="e">Verfügbar (X)</subfield></datafield></record>