
<record><leader>03173nam a2200000uu 4500</leader><controlfield tag="001">00323380</controlfield><controlfield tag="003">DE-Frei129</controlfield><controlfield tag="005">20220811084100.0</controlfield><controlfield tag="007">tu</controlfield><controlfield tag="008">100415s2010    ||||||||||||||||||||ger||</controlfield><datafield tag="015" ind1=" " ind2=" "><subfield code="a">10,A14</subfield></datafield><datafield tag="016" ind1="7" ind2=" "><subfield code="a">99339485X</subfield><subfield code="2">DE-101</subfield></datafield><datafield tag="020" ind1=" " ind2=" "><subfield code="a">9783472076131</subfield><subfield code="9">978-3-472-07613-1</subfield><subfield code="c">kart. : ca. EUR 20.00</subfield></datafield><datafield tag="024" ind1="3" ind2=" "><subfield code="a">9783472076131</subfield></datafield><datafield tag="035" ind1=" " ind2=" "><subfield code="a">(DE-576)1391885120</subfield></datafield><datafield tag="041" ind1=" " ind2=" "><subfield code="a">ger</subfield></datafield><datafield tag="044" ind1=" " ind2=" "><subfield code="c">XA-DE-NW</subfield></datafield><datafield tag="100" ind1="1" ind2=" "><subfield code="a">Knaut, Gisela</subfield><subfield code="0">(DE-Frei129)00136819</subfield></datafield><datafield tag="245" ind1="1" ind2="0"><subfield code="a">Neu an der Schule</subfield><subfield code="b">Tipps und Tricks zum Berufseinstieg</subfield><subfield code="c">Gisela Knaut</subfield></datafield><datafield tag="260" ind1="3" ind2=" "><subfield code="a">Köln</subfield><subfield code="b">LinkLuchterhand</subfield><subfield code="c">2010</subfield></datafield><datafield tag="300" ind1=" " ind2=" "><subfield code="a">78  Seiten</subfield><subfield code="b">graph. Darst.</subfield><subfield code="c">18 cm</subfield></datafield><datafield tag="490" ind1="1" ind2=" "><subfield code="a">Schulmanagement konkret </subfield><subfield code="v">18</subfield></datafield><datafield tag="500" ind1=" " ind2=" "><subfield code="a">5090: ddsu/sred</subfield></datafield><datafield tag="830" ind1=" " ind2="0"><subfield code="a">Schulmanagement konkret</subfield><subfield code="v">18</subfield><subfield code="w">(DE-Frei129)00255179</subfield><subfield code="9">218</subfield></datafield><datafield tag="852" ind1=" " ind2=" "><subfield code="a">Frei129</subfield><subfield code="c">Paed S 800: 77</subfield></datafield><datafield tag="856" ind1="4" ind2=" "><subfield code="8">00</subfield><subfield code="u">http://bvbr.bib-bvb.de:8991/F?func=service&amp;doc_library=BVB01&amp;doc_number=017675838&amp;line_number=0002&amp;func_code=DB_RECORDS&amp;service_type=MEDIA</subfield><subfield code="y">Klappentext</subfield></datafield><datafield tag="856" ind1="4" ind2=" "><subfield code="8">01</subfield><subfield code="u">http://d-nb.info/99339485X/04</subfield><subfield code="y">Inhaltsverzeichnis</subfield></datafield><datafield tag="980" ind1="0" ind2=" "><subfield code="a">00203508</subfield><subfield code="9">(PHFR)</subfield><subfield code="b">EG-Anbau (32)</subfield><subfield code="c">Paed S 800: 77</subfield><subfield code="d">Standardleihe (01)</subfield><subfield code="e">Verfügbar (X)</subfield></datafield></record>