
<record><leader>04319nam a2200000uu 4500</leader><controlfield tag="001">00323363</controlfield><controlfield tag="003">DE-Frei129</controlfield><controlfield tag="005">20220811084100.0</controlfield><controlfield tag="007">tu</controlfield><controlfield tag="008">100324s2010    ||||||||||||||||||||ger||</controlfield><datafield tag="015" ind1=" " ind2=" "><subfield code="a">10,A12</subfield></datafield><datafield tag="016" ind1="7" ind2=" "><subfield code="a">100068265X</subfield><subfield code="2">DE-101</subfield></datafield><datafield tag="020" ind1=" " ind2=" "><subfield code="a">9783140222334</subfield><subfield code="9">9783140222334</subfield><subfield code="c">kart. : EUR 18.65</subfield></datafield><datafield tag="035" ind1=" " ind2=" "><subfield code="a">(DE-576)622503340</subfield></datafield><datafield tag="041" ind1=" " ind2=" "><subfield code="a">ger</subfield></datafield><datafield tag="044" ind1=" " ind2=" "><subfield code="c">XA-DE-NW</subfield><subfield code="c">XA-DE</subfield></datafield><datafield tag="245" ind1="1" ind2="0"><subfield code="a">Kurzgeschichten</subfield><subfield code="b">Jahrgänge 8 - 11</subfield><subfield code="c">von Klaus Lill</subfield></datafield><datafield tag="250" ind1=" " ind2=" "><subfield code="a">Dr. 1</subfield></datafield><datafield tag="260" ind1="3" ind2=" "><subfield code="a">Paderborn [u.a.]</subfield><subfield code="b">Schöningh</subfield><subfield code="c">c 2010</subfield></datafield><datafield tag="300" ind1=" " ind2=" "><subfield code="a">110 Seiten</subfield><subfield code="c">30 cm</subfield></datafield><datafield tag="490" ind1="0" ind2=" "><subfield code="a">du:selbst. selbstgesteuertes Lernen im Deutschunterricht</subfield></datafield><datafield tag="490" ind1="0" ind2=" "><subfield code="a">Schöningh Schulbuch</subfield></datafield><datafield tag="500" ind1=" " ind2=" "><subfield code="a">Hier auch später erschienene, unveränderte Nachdrucke</subfield></datafield><datafield tag="650" ind1=" " ind2="7"><subfield code="a">Deutsch</subfield><subfield code="0">(DE-Frei129)00001208</subfield><subfield code="0">(DE-588)4113292-0</subfield><subfield code="2">gnd</subfield></datafield><datafield tag="650" ind1=" " ind2="7"><subfield code="a">Kurzgeschichte</subfield><subfield code="0">(DE-Frei129)00014667</subfield><subfield code="0">(DE-588)4033842-3</subfield><subfield code="2">gnd</subfield></datafield><datafield tag="650" ind1=" " ind2="7"><subfield code="a">Deutschunterricht</subfield><subfield code="0">(DE-Frei129)00005880</subfield><subfield code="0">(DE-588)4011975-0</subfield><subfield code="2">gnd</subfield></datafield><datafield tag="650" ind1=" " ind2="7"><subfield code="a">Schuljahr 8-11</subfield><subfield code="0">(DE-Frei129)00091935</subfield><subfield code="0">(DE-588)4330804-1</subfield><subfield code="2">gnd</subfield></datafield><datafield tag="689" ind1="0" ind2="0"><subfield code="0">(DE-588)4113292-0</subfield><subfield code="D">s</subfield><subfield code="a">Deutsch </subfield></datafield><datafield tag="689" ind1="0" ind2="1"><subfield code="0">(DE-588)4033842-3</subfield><subfield code="D">s</subfield><subfield code="a">Kurzgeschichte </subfield></datafield><datafield tag="689" ind1="0" ind2="2"><subfield code="0">(DE-588)4011975-0</subfield><subfield code="D">s</subfield><subfield code="a">Deutschunterricht </subfield></datafield><datafield tag="689" ind1="0" ind2="3"><subfield code="0">(DE-588)4330804-1</subfield><subfield code="D">s</subfield><subfield code="a">Schuljahr 8-11</subfield><subfield code="5">DE-101</subfield></datafield><datafield tag="700" ind1="1" ind2=" "><subfield code="0">(DE-588)1013706404</subfield><subfield code="0">(DE-Frei129)58090635</subfield><subfield code="a">Lill, Klaus</subfield><subfield code="4">aut</subfield></datafield><datafield tag="852" ind1=" " ind2=" "><subfield code="a">Frei 129</subfield><subfield code="b">PHFR</subfield><subfield code="c">GB 2998 K96</subfield></datafield><datafield tag="980" ind1="0" ind2=" "><subfield code="a">00209713</subfield><subfield code="9">(PHFR)</subfield><subfield code="b">2.OG (35)</subfield><subfield code="c">GB 2998 K96</subfield><subfield code="d">Standardleihe (01)</subfield><subfield code="e">ausgeliehen (A) - Fälligkeitsdatum: 04.07.2022</subfield></datafield></record>