
<record><leader>05749nam a2200000uu 4500</leader><controlfield tag="001">00323362</controlfield><controlfield tag="003">DE-Frei129</controlfield><controlfield tag="005">20220811084100.0</controlfield><controlfield tag="007">tu</controlfield><controlfield tag="008">100218s2010    ||||||||||||||||||||ger||</controlfield><datafield tag="015" ind1=" " ind2=" "><subfield code="a">10,A10</subfield></datafield><datafield tag="016" ind1="7" ind2=" "><subfield code="a">1000128652</subfield><subfield code="2">DE-101</subfield></datafield><datafield tag="020" ind1=" " ind2=" "><subfield code="a">9783899584936</subfield><subfield code="9">9783899584936</subfield><subfield code="c">kart. : EUR 14.00</subfield></datafield><datafield tag="024" ind1="3" ind2=" "><subfield code="a">9783899584936</subfield></datafield><datafield tag="035" ind1=" " ind2=" "><subfield code="a">(DE-576)618858814</subfield></datafield><datafield tag="041" ind1=" " ind2=" "><subfield code="a">ger</subfield></datafield><datafield tag="044" ind1=" " ind2=" "><subfield code="c">XA-DE-HE</subfield></datafield><datafield tag="245" ind1="1" ind2="0"><subfield code="a">Leseprojekte in der Sekundarstufe</subfield><subfield code="b">Lesekompetenz, Lesemotivation, Lesedidaktik</subfield><subfield code="c">Elisabeth Gessner; Horst Paul Kuhley (Hrsg.)</subfield></datafield><datafield tag="260" ind1="3" ind2=" "><subfield code="a">Kassel</subfield><subfield code="b">Kassel Univertity Press</subfield><subfield code="c">2010</subfield></datafield><datafield tag="300" ind1=" " ind2=" "><subfield code="a">70 Seiten</subfield><subfield code="b">Ill., graph. Darst.</subfield><subfield code="c">30 cm, 220 gr.</subfield></datafield><datafield tag="500" ind1=" " ind2=" "><subfield code="a">Literaturverz. S. 22</subfield></datafield><datafield tag="500" ind1=" " ind2=" "><subfield code="a">IMD-Felder maschinell generiert (GBV)</subfield></datafield><datafield tag="650" ind1=" " ind2="7"><subfield code="a">Sekundarstufe</subfield><subfield code="0">(DE-Frei129)00011250</subfield><subfield code="0">(DE-588)4077347-4</subfield><subfield code="2">gnd</subfield></datafield><datafield tag="650" ind1=" " ind2="7"><subfield code="a">Deutschunterricht</subfield><subfield code="0">(DE-Frei129)00005880</subfield><subfield code="0">(DE-588)4011975-0</subfield><subfield code="2">gnd</subfield></datafield><datafield tag="650" ind1=" " ind2="7"><subfield code="a">Leseunterricht</subfield><subfield code="0">(DE-Frei129)00015303</subfield><subfield code="0">(DE-588)4035448-9</subfield><subfield code="2">gnd</subfield></datafield><datafield tag="650" ind1=" " ind2="7"><subfield code="a">Sekundarstufe</subfield><subfield code="0">(DE-Frei129)00011250</subfield><subfield code="0">(DE-588)4077347-4</subfield><subfield code="2">gnd</subfield></datafield><datafield tag="689" ind1="0" ind2="0"><subfield code="0">(DE-588)4011975-0</subfield><subfield code="D">s</subfield><subfield code="a">Deutschunterricht </subfield></datafield><datafield tag="689" ind1="0" ind2="1"><subfield code="0">(DE-588)4035448-9</subfield><subfield code="D">s</subfield><subfield code="a">Leseunterricht </subfield></datafield><datafield tag="689" ind1="0" ind2="2"><subfield code="0">(DE-588)4077347-4</subfield><subfield code="D">s</subfield><subfield code="a">Sekundarstufe</subfield><subfield code="5">DE-101</subfield></datafield><datafield tag="700" ind1="1" ind2=" "><subfield code="0">(DE-Frei129)00139248</subfield><subfield code="a">Gessner, Elisabeth</subfield><subfield code="4">Hrsg.</subfield></datafield><datafield tag="700" ind1="1" ind2=" "><subfield code="0">(DE-588)140188762</subfield><subfield code="0">(DE-Frei129)01047437</subfield><subfield code="a">Kuhley, Horst</subfield><subfield code="4">Hrsg.</subfield></datafield><datafield tag="776" ind1="0" ind2="8"><subfield code="a">Elisabeth Gessner; Horst Paul Kuhley (Hrsg.)</subfield><subfield code="i">Erscheint auch als Online-Ausgabe</subfield><subfield code="t">Leseprojekte in der Sekundarstufe</subfield><subfield code="w">(DE-Frei129)58313780</subfield><subfield code="w">(DE-576)665227531</subfield></datafield><datafield tag="852" ind1=" " ind2=" "><subfield code="a">Frei 129</subfield><subfield code="b">PHFR</subfield><subfield code="c">GB 2958 G392</subfield></datafield><datafield tag="856" ind1="4" ind2=" "><subfield code="8">00</subfield><subfield code="u">http://d-nb.info/1000128652/04</subfield><subfield code="y">Kurzbeschreibung des Verlags</subfield></datafield><datafield tag="856" ind1="4" ind2=" "><subfield code="8">01</subfield><subfield code="u">http://www.upress.uni-kassel.de/publi/abstract.php?978-3-89958-493-6</subfield><subfield code="y">Umschlagtext</subfield></datafield><datafield tag="856" ind1="4" ind2=" "><subfield code="8">02</subfield><subfield code="u">http://www.upress.uni-kassel.de/publi/abstract.php?978-3-89958-493-6</subfield><subfield code="y">Umschlagtext</subfield></datafield><datafield tag="856" ind1="4" ind2=" "><subfield code="8">03</subfield><subfield code="u">http://d-nb.info/1000128652/04</subfield><subfield code="y">Inhaltsverzeichnis</subfield></datafield><datafield tag="980" ind1="0" ind2=" "><subfield code="a">00211947</subfield><subfield code="9">(PHFR)</subfield><subfield code="b">2.OG (35)</subfield><subfield code="c">GB 2958 G392</subfield><subfield code="d">Standardleihe (01)</subfield><subfield code="e">Verfügbar (X)</subfield></datafield><datafield tag="980" ind1="0" ind2=" "><subfield code="a">00346745</subfield><subfield code="9">(PHFR)</subfield><subfield code="b">2.OG (35)</subfield><subfield code="c">GB 2958 G392 +1</subfield><subfield code="d">Standardleihe (01)</subfield><subfield code="e">Verfügbar (X)</subfield></datafield></record>