
<record><leader>04483nam a2200000uu 4500</leader><controlfield tag="001">00323347</controlfield><controlfield tag="003">DE-Frei129</controlfield><controlfield tag="005">20220811084100.0</controlfield><controlfield tag="007">tu</controlfield><controlfield tag="008">100217s2010    ||||||||||||||||||||ger||</controlfield><datafield tag="015" ind1=" " ind2=" "><subfield code="a">10,A10</subfield></datafield><datafield tag="016" ind1="7" ind2=" "><subfield code="a">1000166821</subfield><subfield code="2">DE-101</subfield></datafield><datafield tag="020" ind1=" " ind2=" "><subfield code="a">9783589051588</subfield><subfield code="9">9783589051588</subfield><subfield code="c">kart. : EUR 17.95</subfield></datafield><datafield tag="035" ind1=" " ind2=" "><subfield code="a">(DE-576)618741453</subfield></datafield><datafield tag="041" ind1=" " ind2=" "><subfield code="a">ger</subfield></datafield><datafield tag="044" ind1=" " ind2=" "><subfield code="c">XA-DE-BE</subfield><subfield code="c">XA-DE</subfield></datafield><datafield tag="245" ind1="1" ind2="0"><subfield code="a">35 Unterrichtsideen für jeden Tag</subfield><subfield code="b">individuelle Fähigkeiten entwickeln ; für alle Facher ; für alle Jahrgangsstufen ; [mit Kopiervorlagen]</subfield><subfield code="c">Klaus Metzger (Hrsg.)</subfield></datafield><datafield tag="246" ind1="1" ind2="0"><subfield code="a">Fünfunddreißig Unterrichtsideen für jeden Tag</subfield></datafield><datafield tag="250" ind1=" " ind2=" "><subfield code="a">1. Aufl.</subfield></datafield><datafield tag="260" ind1="3" ind2=" "><subfield code="a">Berlin</subfield><subfield code="b">Cornelsen Scriptor</subfield><subfield code="c">2010</subfield></datafield><datafield tag="300" ind1=" " ind2=" "><subfield code="a">152 S</subfield><subfield code="b">Ill.</subfield><subfield code="c">21 cm</subfield></datafield><datafield tag="490" ind1="0" ind2=" "><subfield code="a">Lehrerbücherei Grundschule. Ideenwerkstatt</subfield></datafield><datafield tag="500" ind1=" " ind2=" "><subfield code="a">Literaturangaben</subfield></datafield><datafield tag="500" ind1=" " ind2=" "><subfield code="a">IMD-Felder maschinell generiert (GBV)</subfield></datafield><datafield tag="520" ind1=" " ind2=" "><subfield code="a">Lehrerbücherei Grundschule - das neue Konzept</subfield></datafield><datafield tag="650" ind1=" " ind2="7"><subfield code="a">Unterrichtseinheit</subfield><subfield code="0">(DE-Frei129)00042217</subfield><subfield code="0">(DE-588)4187074-8</subfield><subfield code="2">gnd</subfield></datafield><datafield tag="650" ind1=" " ind2="7"><subfield code="a">Sachunterricht</subfield><subfield code="0">(DE-Frei129)00010867</subfield><subfield code="0">(DE-588)4051158-3</subfield><subfield code="2">gnd</subfield></datafield><datafield tag="689" ind1="0" ind2="0"><subfield code="0">(DE-588)4187074-8</subfield><subfield code="D">s</subfield><subfield code="a">Unterrichtseinheit</subfield><subfield code="5">DE-101</subfield></datafield><datafield tag="689" ind1="1" ind2="0"><subfield code="0">(DE-588)4051158-3</subfield><subfield code="D">s</subfield><subfield code="a">Sachunterricht</subfield><subfield code="5">DE-101</subfield></datafield><datafield tag="700" ind1="1" ind2=" "><subfield code="0">(DE-588)122755081</subfield><subfield code="0">(DE-Frei129)00165767</subfield><subfield code="a">Metzger, Klaus</subfield><subfield code="4">Hrsg.</subfield></datafield><datafield tag="852" ind1=" " ind2=" "><subfield code="a">Frei129</subfield><subfield code="c">Paed H 430: 71</subfield></datafield><datafield tag="856" ind1="4" ind2=" "><subfield code="8">00</subfield><subfield code="u">http://d-nb.info/1000166821/04</subfield><subfield code="y">Inhaltsverzeichnis</subfield></datafield><datafield tag="856" ind1="4" ind2=" "><subfield code="8">01</subfield><subfield code="u">http://swbplus.bsz-bw.de/bsz321799550cov.htm</subfield><subfield code="y">Verlagsinformation</subfield></datafield><datafield tag="856" ind1="4" ind2=" "><subfield code="8">02</subfield><subfield code="u">http://swbplus.bsz-bw.de/bsz321799550inh.htm</subfield><subfield code="y">Inhaltsverzeichnis</subfield></datafield><datafield tag="980" ind1="0" ind2=" "><subfield code="a">00207944</subfield><subfield code="9">(PHFR)</subfield><subfield code="b">EG-Anbau (32)</subfield><subfield code="c">Paed H 430: 71</subfield><subfield code="d">Standardleihe (01)</subfield><subfield code="e">Verfügbar (X)</subfield></datafield></record>