
<record><leader>05172nam a2200000uu 4500</leader><controlfield tag="001">00323164</controlfield><controlfield tag="003">DE-Frei129</controlfield><controlfield tag="005">20220811084100.0</controlfield><controlfield tag="007">tu</controlfield><controlfield tag="008">100324s2010    ||||||||||||||||||||ger||</controlfield><datafield tag="020" ind1=" " ind2=" "><subfield code="a">9783833305894</subfield><subfield code="9">978-3-8333-0589-4</subfield></datafield><datafield tag="035" ind1=" " ind2=" "><subfield code="a">(DE-576)1602226733</subfield></datafield><datafield tag="041" ind1=" " ind2=" "><subfield code="a">ger</subfield><subfield code="h">eng</subfield></datafield><datafield tag="044" ind1=" " ind2=" "><subfield code="c">XA-DE-BE</subfield></datafield><datafield tag="100" ind1="1" ind2=" "><subfield code="a">Hosseini, Khaled</subfield><subfield code="0">(DE-Frei129)00142598</subfield><subfield code="0">(DE-588)128794755</subfield><subfield code="4">aut</subfield></datafield><datafield tag="245" ind1="1" ind2="0"><subfield code="a">Tausend strahlende Sonnen</subfield><subfield code="b">Roman</subfield><subfield code="c">Khaled Hosseini. Aus dem Amerikan. von Michael Windgassen</subfield></datafield><datafield tag="250" ind1=" " ind2=" "><subfield code="a">12. Aufl.</subfield></datafield><datafield tag="260" ind1="3" ind2=" "><subfield code="a">Berlin</subfield><subfield code="b">Berliner Taschenbuch. Verl.</subfield><subfield code="c">2010</subfield></datafield><datafield tag="300" ind1=" " ind2=" "><subfield code="a">400  Seiten</subfield><subfield code="c">19 cm</subfield></datafield><datafield tag="490" ind1="1" ind2=" "><subfield code="a">BvT </subfield><subfield code="v">0589</subfield></datafield><datafield tag="500" ind1=" " ind2=" "><subfield code="a">5090 maschinell aus ähnlichen Titelaufnahmen ergänzt</subfield></datafield><datafield tag="650" ind1=" " ind2="7"><subfield code="a">Ehemann</subfield><subfield code="0">(DE-Frei129)00028429</subfield><subfield code="0">(DE-588)4070668-0</subfield><subfield code="2">gnd</subfield></datafield><datafield tag="650" ind1=" " ind2="7"><subfield code="a">Unterdrückung</subfield><subfield code="0">(DE-Frei129)00080932</subfield><subfield code="0">(DE-588)4257314-2</subfield><subfield code="2">gnd</subfield></datafield><datafield tag="650" ind1=" " ind2="7"><subfield code="a">Ehefrau</subfield><subfield code="0">(DE-Frei129)00006394</subfield><subfield code="0">(DE-588)4013634-6</subfield><subfield code="2">gnd</subfield></datafield><datafield tag="650" ind1=" " ind2="7"><subfield code="a">Geschichte 1974-2001</subfield><subfield code="0">(DE-Frei129)01845748</subfield><subfield code="2">local</subfield></datafield><datafield tag="651" ind1=" " ind2="7"><subfield code="a">Afghanistan</subfield><subfield code="0">(DE-Frei129)00000805</subfield><subfield code="0">(DE-588)4000687-6</subfield><subfield code="2">gnd</subfield></datafield><datafield tag="655" ind1=" " ind2="7"><subfield code="a">Belletristische Darstellung</subfield><subfield code="0">(DE-Frei129)00000015</subfield><subfield code="2">local</subfield></datafield><datafield tag="689" ind1="0" ind2="0"><subfield code="0">(DE-588)4000687-6</subfield><subfield code="D">g</subfield><subfield code="a">Afghanistan </subfield></datafield><datafield tag="689" ind1="0" ind2="1"><subfield code="0">(DE-588)4070668-0</subfield><subfield code="D">s</subfield><subfield code="a">Ehemann </subfield></datafield><datafield tag="689" ind1="0" ind2="2"><subfield code="0">(DE-588)4257314-2</subfield><subfield code="D">s</subfield><subfield code="a">Unterdrückung </subfield></datafield><datafield tag="689" ind1="0" ind2="3"><subfield code="0">(DE-588)4013634-6</subfield><subfield code="D">s</subfield><subfield code="a">Ehefrau </subfield></datafield><datafield tag="689" ind1="0" ind2="4"><subfield code="A">s</subfield><subfield code="a">Geschichte 1974-2001 </subfield></datafield><datafield tag="689" ind1="0" ind2="5"><subfield code="A">s</subfield><subfield code="a">Belletristische Darstellung</subfield><subfield code="5">DE-101</subfield></datafield><datafield tag="700" ind1="1" ind2=" "><subfield code="0">(DE-588)11146952X</subfield><subfield code="0">(DE-Frei129)00167250</subfield><subfield code="a">Windgassen, Michael</subfield><subfield code="4">Übers.</subfield></datafield><datafield tag="730" ind1="0" ind2="2"><subfield code="a">A thousand splendid suns</subfield><subfield code="l">ger</subfield></datafield><datafield tag="830" ind1=" " ind2="0"><subfield code="a">BvT</subfield><subfield code="v">0589</subfield><subfield code="w">(DE-Frei129)00242581</subfield><subfield code="9">40589</subfield></datafield><datafield tag="852" ind1=" " ind2=" "><subfield code="a">Frei 129</subfield><subfield code="b">PHFR</subfield><subfield code="c">HU 9800 H829 T2</subfield></datafield><datafield tag="980" ind1="0" ind2=" "><subfield code="a">00261837</subfield><subfield code="9">(PHFR)</subfield><subfield code="b">2.OG (35)</subfield><subfield code="c">HU 9800 H829 T2</subfield><subfield code="d">Standardleihe (01)</subfield><subfield code="e">Verfügbar (X)</subfield></datafield></record>