
<record><leader>04660nam a2200000uu 4500</leader><controlfield tag="001">00323147</controlfield><controlfield tag="003">DE-Frei129</controlfield><controlfield tag="005">20220811084100.0</controlfield><controlfield tag="007">tu</controlfield><controlfield tag="008">100323s2010    |||||||||m||||||||||ger||</controlfield><datafield tag="015" ind1=" " ind2=" "><subfield code="a">10,N08</subfield></datafield><datafield tag="016" ind1="7" ind2=" "><subfield code="a">1000250210</subfield><subfield code="2">DE-101</subfield></datafield><datafield tag="020" ind1=" " ind2=" "><subfield code="a">9783830050605</subfield><subfield code="9">9783830050605</subfield><subfield code="c">PB. : EUR 84.00</subfield></datafield><datafield tag="024" ind1="3" ind2=" "><subfield code="a">9783830050605</subfield></datafield><datafield tag="035" ind1=" " ind2=" "><subfield code="a">(DE-576)1391061896</subfield></datafield><datafield tag="041" ind1=" " ind2=" "><subfield code="a">ger</subfield></datafield><datafield tag="044" ind1=" " ind2=" "><subfield code="c">XA-DE-HH</subfield></datafield><datafield tag="245" ind1="1" ind2="0"><subfield code="a">Lösungs- und entwicklungsorientierte Beratung in der schulischen Erziehungshilfe</subfield><subfield code="b">eine qualitative Untersuchung</subfield><subfield code="c">Julia Bischoff</subfield></datafield><datafield tag="260" ind1="3" ind2=" "><subfield code="a">Hamburg</subfield><subfield code="b">Kovač</subfield><subfield code="c">2010</subfield></datafield><datafield tag="300" ind1=" " ind2=" "><subfield code="a">278 Seiten</subfield><subfield code="b">graph. Darst.</subfield><subfield code="c">210 mm x 148 mm, 355 gr.</subfield><subfield code="e">1 CD-ROM (12cm)</subfield></datafield><datafield tag="490" ind1="1" ind2=" "><subfield code="a">Sonderpädagogik in Forschung und Praxis </subfield><subfield code="v">28</subfield></datafield><datafield tag="500" ind1=" " ind2=" "><subfield code="a">Flensburg</subfield></datafield><datafield tag="502" ind1=" " ind2=" "><subfield code="a">Zugl.: Flensburg, Univ., Diss., 2010</subfield></datafield><datafield tag="650" ind1=" " ind2="7"><subfield code="a">Schule für Verhaltensgestörte</subfield><subfield code="0">(DE-Frei129)00094447</subfield><subfield code="0">(DE-588)4355346-1</subfield><subfield code="2">gnd</subfield></datafield><datafield tag="650" ind1=" " ind2="7"><subfield code="a">Pädagogische Beratung</subfield><subfield code="0">(DE-Frei129)00007314</subfield><subfield code="0">(DE-588)4384032-2</subfield><subfield code="2">gnd</subfield></datafield><datafield tag="650" ind1=" " ind2="7"><subfield code="a">Grundschule</subfield><subfield code="0">(DE-Frei129)00010240</subfield><subfield code="0">(DE-588)4022349-8</subfield><subfield code="2">gnd</subfield></datafield><datafield tag="689" ind1="0" ind2="0"><subfield code="0">(DE-588)4355346-1</subfield><subfield code="D">s</subfield><subfield code="a">Schule für Verhaltensgestörte </subfield></datafield><datafield tag="689" ind1="0" ind2="1"><subfield code="0">(DE-588)4384032-2</subfield><subfield code="D">s</subfield><subfield code="a">Pädagogische Beratung </subfield></datafield><datafield tag="689" ind1="0" ind2="2"><subfield code="0">(DE-588)4022349-8</subfield><subfield code="D">s</subfield><subfield code="a">Grundschule</subfield><subfield code="5">DE-101</subfield></datafield><datafield tag="700" ind1="1" ind2=" "><subfield code="0">(DE-Frei129)00160606</subfield><subfield code="a">Bischoff, Julia</subfield><subfield code="4">aut</subfield></datafield><datafield tag="830" ind1=" " ind2="0"><subfield code="a">Schriftenreihe Sonderpädagogik in Forschung und Praxis</subfield><subfield code="v">28</subfield><subfield code="w">(DE-Frei129)00240512</subfield><subfield code="9">228</subfield></datafield><datafield tag="852" ind1=" " ind2=" "><subfield code="a">Frei129</subfield><subfield code="c">Paed T 450: 53</subfield></datafield><datafield tag="856" ind1="4" ind2=" "><subfield code="8">00</subfield><subfield code="u">http://swbplus.bsz-bw.de/bsz321061896cov.htm</subfield><subfield code="y">Cover</subfield></datafield><datafield tag="856" ind1="4" ind2=" "><subfield code="8">01</subfield><subfield code="u">http://www.verlagdrkovac.de/978-3-8300-5060-5.htm</subfield><subfield code="y">Ausführliche Beschreibung</subfield></datafield><datafield tag="980" ind1="0" ind2=" "><subfield code="a">00210777</subfield><subfield code="9">(PHFR)</subfield><subfield code="b">EG-Anbau (32)</subfield><subfield code="c">Paed T 450: 53</subfield><subfield code="d">Standardleihe (01)</subfield><subfield code="e">Verfügbar (X)</subfield></datafield></record>