
<record><leader>07118nam a2200000uu 4500</leader><controlfield tag="001">00323108</controlfield><controlfield tag="003">DE-Frei129</controlfield><controlfield tag="005">20220811084100.0</controlfield><controlfield tag="007">tu</controlfield><controlfield tag="008">100217s2010    ||||||||||||||||||||ger||</controlfield><datafield tag="015" ind1=" " ind2=" "><subfield code="a">10,A10</subfield></datafield><datafield tag="016" ind1="7" ind2=" "><subfield code="a">1000268616</subfield><subfield code="2">DE-101</subfield></datafield><datafield tag="020" ind1=" " ind2=" "><subfield code="a">9783589051533</subfield><subfield code="9">9783589051533</subfield><subfield code="c">geh. : EUR 21.95</subfield></datafield><datafield tag="035" ind1=" " ind2=" "><subfield code="a">(DE-576)618780246</subfield></datafield><datafield tag="041" ind1=" " ind2=" "><subfield code="a">ger</subfield></datafield><datafield tag="044" ind1=" " ind2=" "><subfield code="c">XA-DE-BE</subfield><subfield code="c">XA-DE</subfield></datafield><datafield tag="245" ind1="1" ind2="0"><subfield code="a">Lesekompetenzen gezielt fördern</subfield><subfield code="b">Gebrauchstexte und literarische Texte ; Lesestrategien ; für die Jahrgänge 3 und 4 [umfassender didaktischer Kommentar]</subfield><subfield code="c">Irmgard Honnef-Becker; Peter Kühn</subfield></datafield><datafield tag="250" ind1=" " ind2=" "><subfield code="a">1. Aufl.</subfield></datafield><datafield tag="260" ind1="3" ind2=" "><subfield code="a">Berlin</subfield><subfield code="b">Cornelsen-Scriptor</subfield><subfield code="c">2010</subfield></datafield><datafield tag="300" ind1=" " ind2=" "><subfield code="a">95 Seiten</subfield><subfield code="b">Ill.</subfield><subfield code="c">30 cm</subfield><subfield code="e">1 CD-ROM</subfield></datafield><datafield tag="490" ind1="0" ind2=" "><subfield code="a">Lehrerbücherei. Grundschule Kopiervorlagen</subfield></datafield><datafield tag="500" ind1=" " ind2=" "><subfield code="a">IMD-Felder maschinell generiert (GBV)</subfield></datafield><datafield tag="520" ind1=" " ind2=" "><subfield code="a">Lesen ist die Grundlage für schulisches Lernen! Die Aufgaben mit Lesematerialien in diesem Heft motivieren die Kinder: Aus Kinderbüchern, Zeitschriften oder dem Internet. So lassen sich alle Teilkompetenzen beim Lesen optimal fördern und individuelle Lesestrategien trainieren. - Jedes Arbeitsblatt wird didaktisch kommentiert.</subfield></datafield><datafield tag="650" ind1=" " ind2="7"><subfield code="a">Lesefähigkeit</subfield><subfield code="0">(DE-Frei129)00062277</subfield><subfield code="0">(DE-588)4167435-2</subfield><subfield code="2">gnd</subfield></datafield><datafield tag="650" ind1=" " ind2="7"><subfield code="a">Textverstehen</subfield><subfield code="0">(DE-Frei129)00079503</subfield><subfield code="0">(DE-588)4241679-6</subfield><subfield code="2">gnd</subfield></datafield><datafield tag="650" ind1=" " ind2="7"><subfield code="a">Deutschunterricht</subfield><subfield code="0">(DE-Frei129)00005880</subfield><subfield code="0">(DE-588)4011975-0</subfield><subfield code="2">gnd</subfield></datafield><datafield tag="650" ind1=" " ind2="7"><subfield code="a">Grundschule</subfield><subfield code="0">(DE-Frei129)00010240</subfield><subfield code="0">(DE-588)4022349-8</subfield><subfield code="2">gnd</subfield></datafield><datafield tag="689" ind1="0" ind2="0"><subfield code="0">(DE-588)4167435-2</subfield><subfield code="D">s</subfield><subfield code="a">Lesefähigkeit </subfield></datafield><datafield tag="689" ind1="0" ind2="1"><subfield code="0">(DE-588)4241679-6</subfield><subfield code="D">s</subfield><subfield code="a">Textverstehen </subfield></datafield><datafield tag="689" ind1="0" ind2="2"><subfield code="0">(DE-588)4011975-0</subfield><subfield code="D">s</subfield><subfield code="a">Deutschunterricht </subfield></datafield><datafield tag="689" ind1="0" ind2="3"><subfield code="0">(DE-588)4022349-8</subfield><subfield code="D">s</subfield><subfield code="a">Grundschule</subfield><subfield code="5">DE-101</subfield></datafield><datafield tag="689" ind1="1" ind2="0"><subfield code="0">(DE-588)4167435-2</subfield><subfield code="D">s</subfield><subfield code="a">Lesefähigkeit </subfield></datafield><datafield tag="689" ind1="1" ind2="1"><subfield code="0">(DE-588)4022349-8</subfield><subfield code="D">s</subfield><subfield code="a">Grundschule</subfield><subfield code="5">DE-101</subfield></datafield><datafield tag="689" ind1="2" ind2="0"><subfield code="0">(DE-588)4167435-2</subfield><subfield code="D">s</subfield><subfield code="a">Lesefähigkeit </subfield></datafield><datafield tag="689" ind1="2" ind2="1"><subfield code="0">(DE-588)4241679-6</subfield><subfield code="D">s</subfield><subfield code="a">Textverstehen </subfield></datafield><datafield tag="689" ind1="2" ind2="2"><subfield code="0">(DE-588)4011975-0</subfield><subfield code="D">s</subfield><subfield code="a">Deutschunterricht </subfield></datafield><datafield tag="689" ind1="2" ind2="3"><subfield code="0">(DE-588)4022349-8</subfield><subfield code="D">s</subfield><subfield code="a">Grundschule</subfield><subfield code="5">DE-101</subfield></datafield><datafield tag="689" ind1="3" ind2="0"><subfield code="0">(DE-588)4167435-2</subfield><subfield code="D">s</subfield><subfield code="a">Lesefähigkeit </subfield></datafield><datafield tag="689" ind1="3" ind2="1"><subfield code="0">(DE-588)4022349-8</subfield><subfield code="D">s</subfield><subfield code="a">Grundschule</subfield><subfield code="5">DE-101</subfield></datafield><datafield tag="700" ind1="1" ind2=" "><subfield code="0">(DE-588)112993672</subfield><subfield code="0">(DE-Frei129)00093099</subfield><subfield code="a">Honnef-Becker, Irmgard</subfield><subfield code="4">aut</subfield></datafield><datafield tag="700" ind1="1" ind2=" "><subfield code="0">(DE-588)132033577</subfield><subfield code="0">(DE-Frei129)00155302</subfield><subfield code="a">Kühn, Peter</subfield><subfield code="4">aut</subfield></datafield><datafield tag="852" ind1=" " ind2=" "><subfield code="a">Frei 129</subfield><subfield code="b">PHFR</subfield><subfield code="c">GB 2958 H773</subfield></datafield><datafield tag="856" ind1="4" ind2=" "><subfield code="8">00</subfield><subfield code="u">http://ecx.images-amazon.com/images/I/41CiuaXf2sL._SL500_AA300_.jpg</subfield><subfield code="y">Cover</subfield></datafield><datafield tag="856" ind1="4" ind2=" "><subfield code="8">01</subfield><subfield code="u">http://swbplus.bsz-bw.de/bsz320925412cov.htm</subfield><subfield code="y">Cover</subfield></datafield><datafield tag="856" ind1="4" ind2=" "><subfield code="8">02</subfield><subfield code="u">http://swbplus.bsz-bw.de/bsz320925412inh.htm</subfield><subfield code="y">Inhaltsverzeichnis</subfield></datafield><datafield tag="980" ind1="0" ind2=" "><subfield code="a">00211925</subfield><subfield code="9">(PHFR)</subfield><subfield code="b">2.OG (35)</subfield><subfield code="c">GB 2958 H773</subfield><subfield code="d">Standardleihe (01)</subfield><subfield code="e">Verfügbar (X)</subfield></datafield></record>