
<record><leader>04813nam a2200000uu 4500</leader><controlfield tag="001">00323056</controlfield><controlfield tag="003">DE-Frei129</controlfield><controlfield tag="005">20220811084100.0</controlfield><controlfield tag="007">tu</controlfield><controlfield tag="008">090624s2010    ||||||||||||||||||||ger||</controlfield><datafield tag="015" ind1=" " ind2=" "><subfield code="a">10,A08</subfield></datafield><datafield tag="016" ind1="7" ind2=" "><subfield code="a">994722753</subfield><subfield code="2">DE-101</subfield></datafield><datafield tag="020" ind1=" " ind2=" "><subfield code="a">9783871014598</subfield><subfield code="9">9783871014598</subfield><subfield code="c">kart. : EUR 19.80</subfield></datafield><datafield tag="024" ind1="3" ind2=" "><subfield code="a">9783871014598</subfield></datafield><datafield tag="035" ind1=" " ind2=" "><subfield code="a">(DE-576)602545803</subfield></datafield><datafield tag="041" ind1=" " ind2=" "><subfield code="a">ger</subfield></datafield><datafield tag="044" ind1=" " ind2=" "><subfield code="c">XA-DE-BY</subfield></datafield><datafield tag="100" ind1="1" ind2=" "><subfield code="a">Scholz, Markus</subfield><subfield code="0">(DE-Frei129)00566978</subfield><subfield code="0">(DE-588)139964770</subfield></datafield><datafield tag="245" ind1="1" ind2="4"><subfield code="a">Ein Klassenaquarium einrichten</subfield><subfield code="b">Praxisanleitung für ein fächerübergreifendes Projekt ; [Sekundarstufe 1]</subfield><subfield code="c">Markus Scholz</subfield></datafield><datafield tag="250" ind1=" " ind2=" "><subfield code="a">1. Aufl.</subfield></datafield><datafield tag="260" ind1="3" ind2=" "><subfield code="a">Augsburg</subfield><subfield code="b">Brigg Pädagogik</subfield><subfield code="c">2010</subfield></datafield><datafield tag="300" ind1=" " ind2=" "><subfield code="a">54 Seiten</subfield><subfield code="b">Ill., graph. Darst</subfield><subfield code="c">30 cm</subfield></datafield><datafield tag="490" ind1="0" ind2=" "><subfield code="a">Ideen für die Praxis</subfield></datafield><datafield tag="500" ind1=" " ind2=" "><subfield code="a">Literaturangaben</subfield></datafield><datafield tag="500" ind1=" " ind2=" "><subfield code="a">IMD-Felder maschinell generiert (GBV)</subfield></datafield><datafield tag="650" ind1=" " ind2="7"><subfield code="a">Aquarium</subfield><subfield code="0">(DE-Frei129)00001595</subfield><subfield code="0">(DE-588)4002518-4</subfield><subfield code="2">gnd</subfield></datafield><datafield tag="650" ind1=" " ind2="7"><subfield code="a">Fächerübergreifender Unterricht</subfield><subfield code="0">(DE-Frei129)00056407</subfield><subfield code="0">(DE-588)4153520-0</subfield><subfield code="2">gnd</subfield></datafield><datafield tag="650" ind1=" " ind2="7"><subfield code="a">Projekt</subfield><subfield code="0">(DE-Frei129)00028538</subfield><subfield code="0">(DE-588)4115645-6</subfield><subfield code="2">gnd</subfield></datafield><datafield tag="650" ind1=" " ind2="7"><subfield code="a">Sekundarstufe 1</subfield><subfield code="0">(DE-Frei129)00021625</subfield><subfield code="0">(DE-588)4054365-1</subfield><subfield code="2">gnd</subfield></datafield><datafield tag="689" ind1="0" ind2="0"><subfield code="0">(DE-588)4002518-4</subfield><subfield code="D">s</subfield><subfield code="a">Aquarium </subfield></datafield><datafield tag="689" ind1="0" ind2="1"><subfield code="0">(DE-588)4153520-0</subfield><subfield code="D">s</subfield><subfield code="a">Fächerübergreifender Unterricht </subfield></datafield><datafield tag="689" ind1="0" ind2="2"><subfield code="0">(DE-588)4115645-6</subfield><subfield code="D">s</subfield><subfield code="a">Projekt </subfield></datafield><datafield tag="689" ind1="0" ind2="3"><subfield code="0">(DE-588)4054365-1</subfield><subfield code="D">s</subfield><subfield code="a">Sekundarstufe 1</subfield><subfield code="5">DE-101</subfield></datafield><datafield tag="852" ind1=" " ind2=" "><subfield code="a">Frei129</subfield><subfield code="c">Bio F 650: 41</subfield></datafield><datafield tag="856" ind1="4" ind2=" "><subfield code="8">00</subfield><subfield code="u">http://d-nb.info/994722753/04</subfield><subfield code="y">Kurzbeschreibung des Verlags</subfield></datafield><datafield tag="856" ind1="4" ind2=" "><subfield code="8">01</subfield><subfield code="u">http://www.brigg-paedagogik.de/Sekundarstufe/Biologie/Ein-Klassenaquarium-einrichten.html</subfield><subfield code="y">Verlagsinformation</subfield></datafield><datafield tag="980" ind1="0" ind2=" "><subfield code="a">00212718</subfield><subfield code="9">(PHFR)</subfield><subfield code="b">UG (33)</subfield><subfield code="c">Bio F 650: 41</subfield><subfield code="d">Standardleihe (01)</subfield><subfield code="e">Verfügbar (X)</subfield></datafield></record>