
<record><leader>04611nam a2200000uu 4500</leader><controlfield tag="001">00323035</controlfield><controlfield tag="003">DE-Frei129</controlfield><controlfield tag="005">20220811084100.0</controlfield><controlfield tag="007">tu</controlfield><controlfield tag="008">100210s2010    ||||||||||||||||||||ger||</controlfield><datafield tag="015" ind1=" " ind2=" "><subfield code="a">10,N06</subfield></datafield><datafield tag="016" ind1="7" ind2=" "><subfield code="a">999976818</subfield><subfield code="2">DE-101</subfield></datafield><datafield tag="020" ind1=" " ind2=" "><subfield code="a">9783839145739</subfield><subfield code="9">9783839145739</subfield><subfield code="c">PB. : EUR 15.90, sfr 27.90 (freier Pr.)</subfield></datafield><datafield tag="024" ind1="3" ind2=" "><subfield code="a">9783839145739</subfield></datafield><datafield tag="035" ind1=" " ind2=" "><subfield code="a">(DE-576)618349898</subfield></datafield><datafield tag="041" ind1=" " ind2=" "><subfield code="a">ger</subfield></datafield><datafield tag="044" ind1=" " ind2=" "><subfield code="c">XA-DE-SH</subfield></datafield><datafield tag="100" ind1="1" ind2=" "><subfield code="a">Bröcher, Joachim</subfield><subfield code="0">(DE-Frei129)00120207</subfield></datafield><datafield tag="245" ind1="1" ind2="0"><subfield code="a">Trainingsraum Kritik</subfield><subfield code="b">Bedenken zu einem fragwürdigen Modell schulischer Disziplinierung</subfield><subfield code="c">Joachim Bröcher</subfield></datafield><datafield tag="250" ind1=" " ind2=" "><subfield code="a">1. Aufl.</subfield></datafield><datafield tag="260" ind1="3" ind2=" "><subfield code="a">Norderstedt</subfield><subfield code="b">Books on Demand</subfield><subfield code="c">2010</subfield></datafield><datafield tag="300" ind1=" " ind2=" "><subfield code="a">120 Seiten</subfield><subfield code="c">190 mm x 120 mm, 135 gr.</subfield></datafield><datafield tag="500" ind1=" " ind2=" "><subfield code="a">IMD-Felder maschinell generiert (GBV)</subfield></datafield><datafield tag="650" ind1=" " ind2="7"><subfield code="a">Schulpädagogik</subfield><subfield code="0">(DE-Frei129)00032083</subfield><subfield code="0">(DE-588)4077208-1</subfield><subfield code="2">gnd</subfield></datafield><datafield tag="650" ind1=" " ind2="7"><subfield code="a">Schuldisziplin</subfield><subfield code="0">(DE-Frei129)00033064</subfield><subfield code="0">(DE-588)4180119-2</subfield><subfield code="2">gnd</subfield></datafield><datafield tag="650" ind1=" " ind2="7"><subfield code="a">Unterrichtsführung</subfield><subfield code="0">(DE-Frei129)00069562</subfield><subfield code="0">(DE-588)4187078-5</subfield><subfield code="2">gnd</subfield></datafield><datafield tag="650" ind1=" " ind2="7"><subfield code="a">Schulpädagogik</subfield><subfield code="0">(DE-Frei129)00032083</subfield><subfield code="0">(DE-588)4077208-1</subfield><subfield code="2">gnd</subfield></datafield><datafield tag="689" ind1="0" ind2="0"><subfield code="0">(DE-588)4180119-2</subfield><subfield code="D">s</subfield><subfield code="a">Schuldisziplin </subfield></datafield><datafield tag="689" ind1="0" ind2="1"><subfield code="0">(DE-588)4187078-5</subfield><subfield code="D">s</subfield><subfield code="a">Unterrichtsführung </subfield></datafield><datafield tag="689" ind1="0" ind2="2"><subfield code="0">(DE-588)4077208-1</subfield><subfield code="D">s</subfield><subfield code="a">Schulpädagogik</subfield><subfield code="5">DE-101</subfield></datafield><datafield tag="852" ind1=" " ind2=" "><subfield code="a">Frei129</subfield><subfield code="c">Psy G 590: 113</subfield></datafield><datafield tag="856" ind1="4" ind2=" "><subfield code="8">00</subfield><subfield code="u">http://deposit.d-nb.de/cgi-bin/dokserv?id=3422180&amp;prov=M&amp;dok_var=1&amp;dok_ext=htm</subfield><subfield code="y">Inhaltstext</subfield></datafield><datafield tag="856" ind1="4" ind2=" "><subfield code="8">01</subfield><subfield code="u">http://d-nb.info/999976818/04</subfield><subfield code="y">Verlagsinformation</subfield></datafield><datafield tag="856" ind1="4" ind2=" "><subfield code="8">02</subfield><subfield code="u">http://deposit.d-nb.de/cgi-bin/dokserv?id=3422180&amp;prov=M&amp;dok_var=1&amp;dok_ext=htm</subfield><subfield code="y">Inhaltstext</subfield></datafield><datafield tag="980" ind1="0" ind2=" "><subfield code="a">00210772</subfield><subfield code="9">(PHFR)</subfield><subfield code="b">EG-Anbau (32)</subfield><subfield code="c">Psy G 590: 113</subfield><subfield code="d">Standardleihe (01)</subfield><subfield code="e">Verfügbar (X)</subfield></datafield></record>