
<record><leader>06458nam a2200000uu 4500</leader><controlfield tag="001">00322735</controlfield><controlfield tag="003">DE-Frei129</controlfield><controlfield tag="005">20220811084100.0</controlfield><controlfield tag="007">tu</controlfield><controlfield tag="008">090624s2010    ||||||||||||||||||||ger||</controlfield><datafield tag="015" ind1=" " ind2=" "><subfield code="a">10,A03</subfield></datafield><datafield tag="016" ind1="7" ind2=" "><subfield code="a">994722915</subfield><subfield code="2">DE-101</subfield></datafield><datafield tag="020" ind1=" " ind2=" "><subfield code="a">9783871014406</subfield><subfield code="9">9783871014406</subfield><subfield code="c">kt. : Eur 26.80 (D)</subfield></datafield><datafield tag="024" ind1="3" ind2=" "><subfield code="a">9783871014406</subfield></datafield><datafield tag="035" ind1=" " ind2=" "><subfield code="a">(DE-576)60254596X</subfield></datafield><datafield tag="041" ind1=" " ind2=" "><subfield code="a">ger</subfield></datafield><datafield tag="044" ind1=" " ind2=" "><subfield code="c">XA-DE-BY</subfield></datafield><datafield tag="100" ind1="1" ind2=" "><subfield code="a">Rackl, Franz</subfield><subfield code="0">(DE-Frei129)00168128</subfield><subfield code="0">(DE-588)137427298</subfield></datafield><datafield tag="245" ind1="1" ind2="0"><subfield code="a">Schulknigge für die Sekundarstufe 2</subfield><subfield code="b">ein Lernkonzept zur Persönlichkeitsbildung und Werteerziehung für die Praxis</subfield><subfield code="c">Franz Rackl</subfield></datafield><datafield tag="250" ind1=" " ind2=" "><subfield code="a">1. Aufl.</subfield></datafield><datafield tag="260" ind1="3" ind2=" "><subfield code="a">Augsburg</subfield><subfield code="b">Brigg Pädagogik</subfield><subfield code="c">2010</subfield></datafield><datafield tag="300" ind1=" " ind2=" "><subfield code="a">175 Seiten</subfield><subfield code="b">Ill., graph. Darst.</subfield><subfield code="c">30 cm</subfield></datafield><datafield tag="490" ind1="0" ind2=" "><subfield code="a">Ideen für die Praxis</subfield></datafield><datafield tag="500" ind1=" " ind2=" "><subfield code="a">IMD-Felder maschinell generiert (GBV)</subfield></datafield><datafield tag="650" ind1=" " ind2="7"><subfield code="a">Sekundarstufe 2</subfield><subfield code="0">(DE-Frei129)00021632</subfield><subfield code="0">(DE-588)4054367-5</subfield><subfield code="2">gnd</subfield></datafield><datafield tag="650" ind1=" " ind2="7"><subfield code="a">Wertorientierung</subfield><subfield code="0">(DE-Frei129)00006535</subfield><subfield code="0">(DE-588)4132695-7</subfield><subfield code="2">gnd</subfield></datafield><datafield tag="650" ind1=" " ind2="7"><subfield code="a">Sozialkompetenz</subfield><subfield code="0">(DE-Frei129)00022482</subfield><subfield code="0">(DE-588)4077606-2</subfield><subfield code="2">gnd</subfield></datafield><datafield tag="650" ind1=" " ind2="7"><subfield code="a">Werterziehung</subfield><subfield code="0">(DE-Frei129)00070640</subfield><subfield code="0">(DE-588)4189699-3</subfield><subfield code="2">gnd</subfield></datafield><datafield tag="650" ind1=" " ind2="7"><subfield code="a">Persönlichkeitsentwicklung</subfield><subfield code="0">(DE-Frei129)00031460</subfield><subfield code="0">(DE-588)4075995-7</subfield><subfield code="2">gnd</subfield></datafield><datafield tag="650" ind1=" " ind2="7"><subfield code="a">Fächerübergreifender Unterricht</subfield><subfield code="0">(DE-Frei129)00056407</subfield><subfield code="0">(DE-588)4153520-0</subfield><subfield code="2">gnd</subfield></datafield><datafield tag="650" ind1=" " ind2="7"><subfield code="a">Sekundarstufe</subfield><subfield code="0">(DE-Frei129)00011250</subfield><subfield code="0">(DE-588)4077347-4</subfield><subfield code="2">gnd</subfield></datafield><datafield tag="689" ind1="0" ind2="0"><subfield code="0">(DE-588)4054367-5</subfield><subfield code="D">s</subfield><subfield code="a">Sekundarstufe 2 </subfield></datafield><datafield tag="689" ind1="0" ind2="1"><subfield code="0">(DE-588)4132695-7</subfield><subfield code="D">s</subfield><subfield code="a">Wertorientierung </subfield></datafield><datafield tag="689" ind1="0" ind2="2"><subfield code="0">(DE-588)4077606-2</subfield><subfield code="D">s</subfield><subfield code="a">Sozialkompetenz </subfield></datafield><datafield tag="689" ind1="0" ind2="3"><subfield code="0">(DE-588)4189699-3</subfield><subfield code="D">s</subfield><subfield code="a">Werterziehung </subfield></datafield><datafield tag="689" ind1="0" ind2="4"><subfield code="0">(DE-588)4075995-7</subfield><subfield code="D">s</subfield><subfield code="a">Persönlichkeitsentwicklung </subfield></datafield><datafield tag="689" ind1="0" ind2="5"><subfield code="0">(DE-588)4153520-0</subfield><subfield code="D">s</subfield><subfield code="a">Fächerübergreifender Unterricht </subfield></datafield><datafield tag="689" ind1="0" ind2="6"><subfield code="0">(DE-588)4077347-4</subfield><subfield code="D">s</subfield><subfield code="a">Sekundarstufe</subfield><subfield code="5">DE-101</subfield></datafield><datafield tag="852" ind1=" " ind2=" "><subfield code="a">Frei129</subfield><subfield code="c">Paed B 500: 14</subfield></datafield><datafield tag="856" ind1="4" ind2=" "><subfield code="8">00</subfield><subfield code="u">http://d-nb.info/994722915/04</subfield><subfield code="y">Kurzbeschreibung des Verlags</subfield></datafield><datafield tag="856" ind1="4" ind2=" "><subfield code="8">01</subfield><subfield code="u">http://www.brigg-paedagogik.de/Sekundarstufe/Religion/Ethik/Schulknigge-fuer-die-Sekundarstufe-2.html</subfield><subfield code="y">Verlagsinformation</subfield></datafield><datafield tag="856" ind1="4" ind2=" "><subfield code="8">02</subfield><subfield code="u">http://www.brigg-paedagogik.de/Sekundarstufe/Religion/Ethik/Schulknigge-fuer-die-Sekundarstufe-2.html</subfield><subfield code="y">Kurzbeschreibung des Verlags</subfield></datafield><datafield tag="856" ind1="4" ind2=" "><subfield code="8">03</subfield><subfield code="u">http://d-nb.info/994722915/04</subfield><subfield code="y">Verlagsinformation</subfield></datafield><datafield tag="980" ind1="0" ind2=" "><subfield code="a">00205331</subfield><subfield code="9">(PHFR)</subfield><subfield code="b">EG-Anbau (32)</subfield><subfield code="c">Paed B 500: 14</subfield><subfield code="d">Standardleihe (01)</subfield><subfield code="e">Verfügbar (X)</subfield></datafield></record>