
<record><leader>06298nam a2200000uu 4500</leader><controlfield tag="001">00322723</controlfield><controlfield tag="003">DE-Frei129</controlfield><controlfield tag="005">20220811084101.0</controlfield><controlfield tag="007">tu</controlfield><controlfield tag="008">090917s2010    ||||||||||||||||||||ger||</controlfield><datafield tag="015" ind1=" " ind2=" "><subfield code="a">09,N39,0410</subfield></datafield><datafield tag="016" ind1="7" ind2=" "><subfield code="a">99666307X</subfield><subfield code="2">DE-101</subfield></datafield><datafield tag="020" ind1=" " ind2=" "><subfield code="a">9783589246816</subfield><subfield code="9">9783589246816</subfield><subfield code="c">kart. : EUR 19.95, ca. sfr 35.90 (freier Pr.)</subfield></datafield><datafield tag="024" ind1="3" ind2=" "><subfield code="a">9783589246816</subfield></datafield><datafield tag="035" ind1=" " ind2=" "><subfield code="a">(DE-576)608993964</subfield></datafield><datafield tag="041" ind1=" " ind2=" "><subfield code="a">ger</subfield></datafield><datafield tag="044" ind1=" " ind2=" "><subfield code="c">XA-DE-BE</subfield></datafield><datafield tag="100" ind1="1" ind2=" "><subfield code="a">Helbig, Elke</subfield><subfield code="0">(DE-Frei129)58783890</subfield><subfield code="0">(DE-588)13995435X</subfield></datafield><datafield tag="245" ind1="1" ind2="0"><subfield code="a">Schätze im Kindergartenalltag</subfield><subfield code="b">Situationen im Tagesverlauf pädagogisch nutzen</subfield><subfield code="c">Elke Helbig ; Traudel Sieber</subfield></datafield><datafield tag="250" ind1=" " ind2=" "><subfield code="a">1. Aufl.</subfield></datafield><datafield tag="260" ind1="3" ind2=" "><subfield code="a">Berlin ; Düsseldorf</subfield><subfield code="b">Cornelsen Scriptor</subfield><subfield code="c">2010</subfield></datafield><datafield tag="300" ind1=" " ind2=" "><subfield code="a">142 Seiten</subfield><subfield code="b">zahlr. Ill.</subfield><subfield code="c">23 cm</subfield></datafield><datafield tag="490" ind1="0" ind2=" "><subfield code="a">Frühe Kindheit. Pädagogische Ansätze</subfield></datafield><datafield tag="500" ind1=" " ind2=" "><subfield code="a">Literaturverz. S. 142</subfield></datafield><datafield tag="500" ind1=" " ind2=" "><subfield code="a">IMD-Felder maschinell generiert (GBV)</subfield></datafield><datafield tag="650" ind1=" " ind2="7"><subfield code="a">Kindertagesstätte</subfield><subfield code="0">(DE-Frei129)00011424</subfield><subfield code="0">(DE-588)4030638-0</subfield><subfield code="2">gnd</subfield></datafield><datafield tag="650" ind1=" " ind2="7"><subfield code="a">Alltag</subfield><subfield code="0">(DE-Frei129)00001097</subfield><subfield code="0">(DE-588)4001307-8</subfield><subfield code="2">gnd</subfield></datafield><datafield tag="650" ind1=" " ind2="7"><subfield code="a">Bewältigung</subfield><subfield code="0">(DE-Frei129)00024705</subfield><subfield code="0">(DE-588)4195461-0</subfield><subfield code="2">gnd</subfield></datafield><datafield tag="650" ind1=" " ind2="7"><subfield code="a">Erziehung</subfield><subfield code="0">(DE-Frei129)00001468</subfield><subfield code="0">(DE-588)4015482-8</subfield><subfield code="2">gnd</subfield></datafield><datafield tag="650" ind1=" " ind2="7"><subfield code="a">Ritual</subfield><subfield code="0">(DE-Frei129)00020716</subfield><subfield code="0">(DE-588)4050164-4</subfield><subfield code="2">gnd</subfield></datafield><datafield tag="689" ind1="0" ind2="0"><subfield code="0">(DE-588)4030638-0</subfield><subfield code="D">s</subfield><subfield code="a">Kindertagesstätte </subfield></datafield><datafield tag="689" ind1="0" ind2="1"><subfield code="0">(DE-588)4001307-8</subfield><subfield code="D">s</subfield><subfield code="a">Alltag </subfield></datafield><datafield tag="689" ind1="0" ind2="2"><subfield code="0">(DE-588)4195461-0</subfield><subfield code="D">s</subfield><subfield code="a">Bewältigung</subfield><subfield code="5">DE-101</subfield></datafield><datafield tag="689" ind1="1" ind2="0"><subfield code="0">(DE-588)4030638-0</subfield><subfield code="D">s</subfield><subfield code="a">Kindertagesstätte </subfield></datafield><datafield tag="689" ind1="1" ind2="1"><subfield code="0">(DE-588)4015482-8</subfield><subfield code="D">s</subfield><subfield code="a">Erziehung </subfield></datafield><datafield tag="689" ind1="1" ind2="2"><subfield code="0">(DE-588)4050164-4</subfield><subfield code="D">s</subfield><subfield code="a">Ritual</subfield><subfield code="5">DE-101</subfield></datafield><datafield tag="700" ind1="1" ind2=" "><subfield code="0">(DE-588)14051497X</subfield><subfield code="0">(DE-Frei129)00172599</subfield><subfield code="a">Sieber, Traudel</subfield><subfield code="4">aut</subfield></datafield><datafield tag="852" ind1=" " ind2=" "><subfield code="a">Frei129</subfield><subfield code="c">Paed G 600: 48</subfield></datafield><datafield tag="856" ind1="4" ind2=" "><subfield code="8">00</subfield><subfield code="u">http://d-nb.info/99666307X/04</subfield><subfield code="y">Kurzbeschreibung des Verlags</subfield></datafield><datafield tag="856" ind1="4" ind2=" "><subfield code="8">01</subfield><subfield code="u">http://deposit.d-nb.de/cgi-bin/dokserv?id=3353705&amp;prov=M&amp;dok_var=1&amp;dok_ext=htm</subfield><subfield code="y">Verlagsinformation</subfield></datafield><datafield tag="856" ind1="4" ind2=" "><subfield code="8">02</subfield><subfield code="u">http://swbplus.bsz-bw.de/bsz318875845cov.htm</subfield><subfield code="y">Cover</subfield></datafield><datafield tag="856" ind1="4" ind2=" "><subfield code="8">03</subfield><subfield code="u">http://swbplus.bsz-bw.de/bsz318875845inh.htm</subfield><subfield code="y">Verlagsinformation</subfield></datafield><datafield tag="856" ind1="4" ind2=" "><subfield code="8">04</subfield><subfield code="u">http://deposit.d-nb.de/cgi-bin/dokserv?id=3353705&amp;prov=M&amp;dok_var=1&amp;dok_ext=htm</subfield><subfield code="y">Inhaltstext</subfield></datafield><datafield tag="980" ind1="0" ind2=" "><subfield code="a">00205032</subfield><subfield code="9">(PHFR)</subfield><subfield code="b">EG-Anbau (32)</subfield><subfield code="c">Paed G 600: 48</subfield><subfield code="d">Standardleihe (01)</subfield><subfield code="e">Verfügbar (X)</subfield></datafield></record>