
<record><leader>04068nam a2200000uu 4500</leader><controlfield tag="001">00322055</controlfield><controlfield tag="003">DE-Frei129</controlfield><controlfield tag="005">20220811084101.0</controlfield><controlfield tag="007">tu</controlfield><controlfield tag="008">100208s2010    ||||||||||||||||||||ger||</controlfield><datafield tag="015" ind1=" " ind2=" "><subfield code="a">10,N02</subfield></datafield><datafield tag="016" ind1="7" ind2=" "><subfield code="a">999019090</subfield><subfield code="2">DE-101</subfield></datafield><datafield tag="020" ind1=" " ind2=" "><subfield code="a">9783403065692</subfield><subfield code="9">978-3-403-06569-2</subfield><subfield code="c">KART. : EUR 15.90, EUR 15.90 (AT), sfr 27.90 (freier Pr.)</subfield></datafield><datafield tag="024" ind1="3" ind2=" "><subfield code="a">9783403065692</subfield></datafield><datafield tag="035" ind1=" " ind2=" "><subfield code="a">(DE-576)616405405</subfield></datafield><datafield tag="041" ind1=" " ind2=" "><subfield code="a">ger</subfield></datafield><datafield tag="044" ind1=" " ind2=" "><subfield code="c">XA-DE-BY</subfield></datafield><datafield tag="100" ind1="1" ind2=" "><subfield code="a">Sander, Manon</subfield><subfield code="0">(DE-Frei129)00154684</subfield><subfield code="0">(DE-588)132246740</subfield></datafield><datafield tag="245" ind1="1" ind2="0"><subfield code="a">Abschied von der Grundschule - kinderleicht!</subfield><subfield code="b">Tipps und Planungshilfen für den gelungenen Übergang in die weiterführende Schule</subfield><subfield code="c">Manon Sander</subfield></datafield><datafield tag="250" ind1=" " ind2=" "><subfield code="a">1. Aufl.</subfield></datafield><datafield tag="260" ind1="3" ind2=" "><subfield code="a">Donauwörth</subfield><subfield code="b">Auer</subfield><subfield code="c">2010</subfield></datafield><datafield tag="300" ind1=" " ind2=" "><subfield code="a">72  Seiten</subfield><subfield code="c">235 mm x 165 mm</subfield></datafield><datafield tag="490" ind1="0" ind2=" "><subfield code="a">Grundschule : Auer macht Schule</subfield></datafield><datafield tag="500" ind1=" " ind2=" "><subfield code="a">5090: ddsu/sred</subfield></datafield><datafield tag="650" ind1=" " ind2="7"><subfield code="a">Grundschule</subfield><subfield code="0">(DE-Frei129)00010240</subfield><subfield code="0">(DE-588)4022349-8</subfield><subfield code="2">gnd</subfield></datafield><datafield tag="650" ind1=" " ind2="7"><subfield code="a">Schulübergang</subfield><subfield code="0">(DE-Frei129)00066797</subfield><subfield code="0">(DE-588)4180214-7</subfield><subfield code="2">gnd</subfield></datafield><datafield tag="650" ind1=" " ind2="7"><subfield code="a">Weiterführende Schule</subfield><subfield code="0">(DE-Frei129)00020185</subfield><subfield code="0">(DE-588)4189521-6</subfield><subfield code="2">gnd</subfield></datafield><datafield tag="689" ind1="0" ind2="0"><subfield code="0">(DE-588)4022349-8</subfield><subfield code="D">s</subfield><subfield code="a">Grundschule </subfield></datafield><datafield tag="689" ind1="0" ind2="1"><subfield code="0">(DE-588)4180214-7</subfield><subfield code="D">s</subfield><subfield code="a">Schulübergang </subfield></datafield><datafield tag="689" ind1="0" ind2="2"><subfield code="0">(DE-588)4189521-6</subfield><subfield code="D">s</subfield><subfield code="a">Weiterführende Schule</subfield><subfield code="5">DE-101</subfield></datafield><datafield tag="852" ind1=" " ind2=" "><subfield code="a">Frei129</subfield><subfield code="c">Paed L 260: 24</subfield></datafield><datafield tag="856" ind1="4" ind2=" "><subfield code="8">00</subfield><subfield code="u">http://d-nb.info/999019090/04</subfield><subfield code="y">Inhaltsverzeichnis</subfield></datafield><datafield tag="980" ind1="0" ind2=" "><subfield code="a">00205275</subfield><subfield code="9">(PHFR)</subfield><subfield code="b">EG-Anbau (32)</subfield><subfield code="c">Paed L 260: 24</subfield><subfield code="d">Standardleihe (01)</subfield><subfield code="e">Verfügbar (X)</subfield></datafield></record>