
<record><leader>06873nam a2200000uu 4500</leader><controlfield tag="001">00321574</controlfield><controlfield tag="003">DE-Frei129</controlfield><controlfield tag="005">20220811084101.0</controlfield><controlfield tag="007">tu</controlfield><controlfield tag="008">091209s2010    ||||||||||||||||||||ger||</controlfield><datafield tag="015" ind1=" " ind2=" "><subfield code="a">09,N51,1046</subfield></datafield><datafield tag="016" ind1="7" ind2=" "><subfield code="a">99857595X</subfield><subfield code="2">DE-101</subfield></datafield><datafield tag="020" ind1=" " ind2=" "><subfield code="a">9783451323324</subfield><subfield code="9">9783451323324</subfield><subfield code="c">PB. : EUR 14.95, ca. EUR 15.40 (AT), ca. sfr 26.50 (freier Pr.)</subfield></datafield><datafield tag="024" ind1="3" ind2=" "><subfield code="a">9783451323324</subfield></datafield><datafield tag="035" ind1=" " ind2=" "><subfield code="a">(DE-576)614687624</subfield></datafield><datafield tag="041" ind1=" " ind2=" "><subfield code="a">ger</subfield></datafield><datafield tag="044" ind1=" " ind2=" "><subfield code="c">XA-DE-BW</subfield></datafield><datafield tag="100" ind1="1" ind2=" "><subfield code="a">Stamer-Brandt, Petra</subfield><subfield code="0">(DE-Frei129)00089962</subfield><subfield code="0">(DE-588)121498980</subfield></datafield><datafield tag="245" ind1="1" ind2="0"><subfield code="a">Öffentlichkeitsarbeit in Kindergarten und Kita</subfield><subfield code="b">entwickeln, durchführen, auswerten ; mit Checklisten und Kopiervorlagen</subfield><subfield code="c">Petra Stamer-Brandt</subfield></datafield><datafield tag="260" ind1="3" ind2=" "><subfield code="a">Freiburg im Breisgau</subfield><subfield code="b">Herder</subfield><subfield code="c">2010</subfield></datafield><datafield tag="300" ind1=" " ind2=" "><subfield code="a">92 S</subfield><subfield code="b">Ill., graph. Darst</subfield><subfield code="c">26 cm</subfield></datafield><datafield tag="490" ind1="0" ind2=" "><subfield code="a">Leitfaden für pädagogisches Handeln</subfield></datafield><datafield tag="500" ind1=" " ind2=" "><subfield code="a">Literaturangaben</subfield></datafield><datafield tag="500" ind1=" " ind2=" "><subfield code="a">IMD-Felder maschinell generiert (GBV)</subfield></datafield><datafield tag="500" ind1=" " ind2=" "><subfield code="a">Archivierung/Langzeitarchivierung gewährleistet</subfield></datafield><datafield tag="520" ind1=" " ind2=" "><subfield code="a">Praxisorientierter Leitfaden für systematische, grundlegende Öffentlichkeitsarbeit mit breitem Überblick über verschiedenste Analysemethoden zur Qualitätsüberprüfung, PR-Instrumente, Kooperationsmöglichkeiten, Sponsoring, Presse- und Medienarbeit sowie Methoden und Instrumenten zur Evaluation. (Ute Spelda)</subfield></datafield><datafield tag="520" ind1=" " ind2=" "><subfield code="a">Der umfangreiche, sehr anschauliche und praxisorientierte Ratgeber der bekannten P. Stamer-Brandt regt an, im Sinne der Image- und Profilbildung systematisch Öffentlichkeitsarbeit in Kindergärten und -tagesstätten zu betreiben. Kundenorientierung und die Arbeit im Team werden in den Vordergrund gestellt. Die Autorin liefert keine Fertigrezepte, sondern Basiswissen mit vielen Anregungen zur Entwicklung eines Konzeptes. Ausgehend von diversen Analysemethoden zur Qualitätsüberprüfung werden mithilfe verschiedenster PR-Instrumente stufenweise Strategien entwickelt. Logos, Slogans, Newsletter, Elternbriefe oder auch Flyer und Plakate werden durch konkrete Beispiele verdeutlicht. Die Suche nach Kooperationspartnern und Sponsoren sowie Presse- und Medienarbeit runden neben Methoden und Instrumenten zur Evaluation und Feedbackmessung den Ratgeber ab. Kopiervorlagen und Checklisten dienen der Arbeitserleichterung. Neben &quot;Handbuch Öffentlichkeitsarbeit&quot; von Armin Krenz (BA 3/98) bzw. dessen Nachfolgeband &quot;Professionelle Öffentlichkeitsarbeit in Kindertagesstätten&quot; (hier nicht besprochen) einzusetzen. (2) (Ute Spelda)</subfield></datafield><datafield tag="650" ind1=" " ind2="7"><subfield code="a">Kindertagesstätte</subfield><subfield code="0">(DE-Frei129)00011424</subfield><subfield code="0">(DE-588)4030638-0</subfield><subfield code="2">gnd</subfield></datafield><datafield tag="650" ind1=" " ind2="7"><subfield code="a">Öffentlichkeitsarbeit</subfield><subfield code="0">(DE-Frei129)00013388</subfield><subfield code="0">(DE-588)4043188-5</subfield><subfield code="2">gnd</subfield></datafield><datafield tag="650" ind1=" " ind2="7"><subfield code="a">Kindergarten</subfield><subfield code="0">(DE-Frei129)00013265</subfield><subfield code="0">(DE-588)4030581-8</subfield><subfield code="2">gnd</subfield></datafield><datafield tag="689" ind1="0" ind2="0"><subfield code="0">(DE-588)4030638-0</subfield><subfield code="D">s</subfield><subfield code="a">Kindertagesstätte </subfield></datafield><datafield tag="689" ind1="0" ind2="1"><subfield code="0">(DE-588)4043188-5</subfield><subfield code="D">s</subfield><subfield code="a">Öffentlichkeitsarbeit</subfield><subfield code="5">DE-101</subfield></datafield><datafield tag="689" ind1="1" ind2="0"><subfield code="0">(DE-588)4030581-8</subfield><subfield code="D">s</subfield><subfield code="a">Kindergarten </subfield></datafield><datafield tag="689" ind1="1" ind2="1"><subfield code="0">(DE-588)4043188-5</subfield><subfield code="D">s</subfield><subfield code="a">Öffentlichkeitsarbeit</subfield><subfield code="5">DE-101</subfield></datafield><datafield tag="852" ind1=" " ind2=" "><subfield code="a">Frei129</subfield><subfield code="c">Paed G 940: 110</subfield></datafield><datafield tag="856" ind1="4" ind2=" "><subfield code="8">00</subfield><subfield code="u">http://d-nb.info/99857595X/04</subfield><subfield code="y">Kurzbeschreibung des Verlags</subfield></datafield><datafield tag="856" ind1="4" ind2=" "><subfield code="8">01</subfield><subfield code="u">http://www.socialnet.de/rezensionen/isbn.php?isbn=978-3-451-32332-4</subfield><subfield code="y">Rezension</subfield></datafield><datafield tag="856" ind1="4" ind2=" "><subfield code="8">02</subfield><subfield code="u">http://d-nb.info/99857595X/04</subfield><subfield code="y">Verlagsinformation</subfield></datafield><datafield tag="980" ind1="0" ind2=" "><subfield code="a">00346168</subfield><subfield code="9">(PHFR)</subfield><subfield code="b">EG-Anbau (32)</subfield><subfield code="c">Paed G 940: 110 a</subfield><subfield code="d">Standardleihe (01)</subfield><subfield code="e">Verfügbar (X)</subfield></datafield><datafield tag="980" ind1="0" ind2=" "><subfield code="a">00358948</subfield><subfield code="9">(PHFR)</subfield><subfield code="b">EG-Anbau (32)</subfield><subfield code="c">Paed G 940: 110</subfield><subfield code="d">Standardleihe (01)</subfield><subfield code="e">Verfügbar (X)</subfield></datafield></record>