
<record><leader>04868nam a2200000uu 4500</leader><controlfield tag="001">00319150</controlfield><controlfield tag="003">DE-Frei129</controlfield><controlfield tag="005">20220811084101.0</controlfield><controlfield tag="007">tu</controlfield><controlfield tag="008">090929s2010    ||||||||||||||||||||eng||</controlfield><datafield tag="020" ind1=" " ind2=" "><subfield code="a">9780415996068</subfield><subfield code="9">978-0-415-99606-8</subfield></datafield><datafield tag="020" ind1=" " ind2=" "><subfield code="a">0415996066</subfield><subfield code="9">0-415-99606-6</subfield><subfield code="c">(hbk.) : £60.00 hbk. : £60.00 : CIP entry (Mar.)</subfield></datafield><datafield tag="024" ind1="3" ind2=" "><subfield code="a">9780415996068</subfield></datafield><datafield tag="035" ind1=" " ind2=" "><subfield code="a">(DE-576)162221823X</subfield></datafield><datafield tag="041" ind1=" " ind2=" "><subfield code="a">eng</subfield></datafield><datafield tag="044" ind1=" " ind2=" "><subfield code="c">XA-GB</subfield></datafield><datafield tag="245" ind1="1" ind2="0"><subfield code="a">Philosophy of education in the era of globalization</subfield><subfield code="c">ed. by Yvonne Raley and Gerhard Preyer</subfield></datafield><datafield tag="250" ind1=" " ind2=" "><subfield code="a">1. publ.</subfield></datafield><datafield tag="260" ind1="3" ind2=" "><subfield code="a">New York [u.a.]</subfield><subfield code="b">Taylor &amp; Francis Ltd</subfield><subfield code="c">2010</subfield></datafield><datafield tag="300" ind1=" " ind2=" "><subfield code="a">VIII, 238  Seiten</subfield><subfield code="c">23cm</subfield></datafield><datafield tag="490" ind1="1" ind2=" "><subfield code="a">Routledge international studies in the philosophy of education </subfield><subfield code="v">21</subfield></datafield><datafield tag="650" ind1=" " ind2="7"><subfield code="a">Education</subfield><subfield code="x">Philosophy</subfield><subfield code="0">(DE-Frei129)01753303</subfield><subfield code="2">local</subfield></datafield><datafield tag="650" ind1=" " ind2="7"><subfield code="a">Education and globalization</subfield><subfield code="0">(DE-Frei129)00282478</subfield><subfield code="2">local</subfield></datafield><datafield tag="650" ind1=" " ind2="7"><subfield code="a">Educational sociology</subfield><subfield code="0">(DE-Frei129)00241137</subfield><subfield code="2">local</subfield></datafield><datafield tag="650" ind1=" " ind2="7"><subfield code="a">Education</subfield><subfield code="x">Political aspects</subfield><subfield code="0">(DE-Frei129)01883992</subfield><subfield code="2">local</subfield></datafield><datafield tag="689" ind1="0" ind2="0"><subfield code="A">s</subfield><subfield code="a">Education / Philosophy</subfield><subfield code="5">DE-101</subfield></datafield><datafield tag="689" ind1="1" ind2="0"><subfield code="A">s</subfield><subfield code="a">Education and globalization</subfield><subfield code="5">DE-101</subfield></datafield><datafield tag="689" ind1="2" ind2="0"><subfield code="A">s</subfield><subfield code="a">Educational sociology</subfield><subfield code="5">DE-101</subfield></datafield><datafield tag="689" ind1="3" ind2="0"><subfield code="A">s</subfield><subfield code="a">Education / Political aspects</subfield><subfield code="5">DE-101</subfield></datafield><datafield tag="700" ind1="1" ind2=" "><subfield code="0">(DE-588)1034750453</subfield><subfield code="0">(DE-Frei129)00881665</subfield><subfield code="a">Raley, Yvonne</subfield><subfield code="4">Hrsg.</subfield></datafield><datafield tag="776" ind1="0" ind2="8"><subfield code="i">Erscheint auch als Online-Ausgabe</subfield><subfield code="t">Philosophy of Education in the Era of Globalization</subfield><subfield code="w">(DE-Frei129)03226421</subfield><subfield code="w">(DE-576)430772092</subfield></datafield><datafield tag="830" ind1=" " ind2="0"><subfield code="a">Routledge international studies in the philosophy of education</subfield><subfield code="v">21</subfield><subfield code="w">(DE-Frei129)00188629</subfield><subfield code="9">221</subfield></datafield><datafield tag="852" ind1=" " ind2=" "><subfield code="a">Frei129</subfield><subfield code="c">Paed A 420: 83</subfield></datafield><datafield tag="856" ind1="4" ind2=" "><subfield code="8">00</subfield><subfield code="u">http://bvbr.bib-bvb.de:8991/F?func=service&amp;doc_library=BVB01&amp;doc_number=017124093&amp;line_number=0001&amp;func_code=DB_RECORDS&amp;service_type=MEDIA</subfield><subfield code="y">Inhaltsverzeichnis</subfield></datafield><datafield tag="980" ind1="0" ind2=" "><subfield code="a">00208819</subfield><subfield code="9">(PHFR)</subfield><subfield code="b">EG-Anbau (32)</subfield><subfield code="c">Paed A 420: 83</subfield><subfield code="d">Standardleihe (01)</subfield><subfield code="e">Verfügbar (X)</subfield></datafield></record>