
<record><leader>04320nam a2200000uu 4500</leader><controlfield tag="001">00299933</controlfield><controlfield tag="003">DE-Frei129</controlfield><controlfield tag="005">20220811084101.0</controlfield><controlfield tag="007">tu</controlfield><controlfield tag="008">080507s2010    ||||||||||||||||||||ger||</controlfield><datafield tag="015" ind1=" " ind2=" "><subfield code="a">08,A14,2836</subfield></datafield><datafield tag="016" ind1="7" ind2=" "><subfield code="a">986476951</subfield><subfield code="2">DE-101</subfield></datafield><datafield tag="020" ind1=" " ind2=" "><subfield code="a">9783446209879</subfield><subfield code="9">9783446209879</subfield><subfield code="c">Pp. : EUR 16.90 (DE), ca. EUR 17.40 (AT), ca. sfr 29.90 (freier Pr.)</subfield></datafield><datafield tag="020" ind1=" " ind2=" "><subfield code="a">3446209875</subfield><subfield code="9">3446209875</subfield><subfield code="c">Pp. : EUR 16.90 (DE), ca. EUR 17.40 (AT), ca. sfr 29.90 (freier Pr.)</subfield></datafield><datafield tag="024" ind1="3" ind2=" "><subfield code="a">9783446209879</subfield></datafield><datafield tag="035" ind1=" " ind2=" "><subfield code="a">(DE-576)1612827969</subfield></datafield><datafield tag="041" ind1=" " ind2=" "><subfield code="a">ger</subfield></datafield><datafield tag="044" ind1=" " ind2=" "><subfield code="c">XA-DE-BY</subfield></datafield><datafield tag="100" ind1="1" ind2=" "><subfield code="a">Staguhn, Gerhard</subfield><subfield code="0">(DE-Frei129)00086283</subfield><subfield code="0">(DE-588)120491249</subfield><subfield code="4">aut</subfield></datafield><datafield tag="245" ind1="1" ind2="0"><subfield code="a">Sonne, Wind und Regen</subfield><subfield code="b">eine Wetterkunde in Zeiten des Klimawandels</subfield><subfield code="c">Gerhard Staguhn</subfield></datafield><datafield tag="260" ind1="3" ind2=" "><subfield code="a">München</subfield><subfield code="b">Hanser Verl.</subfield><subfield code="c">2010</subfield></datafield><datafield tag="300" ind1=" " ind2=" "><subfield code="a">197 Seiten</subfield><subfield code="b">Ill., graph. Darst., Kt.</subfield><subfield code="c">24 cm</subfield></datafield><datafield tag="650" ind1=" " ind2="7"><subfield code="a">Meteorologie</subfield><subfield code="0">(DE-Frei129)00016500</subfield><subfield code="0">(DE-588)4038953-4</subfield><subfield code="2">gnd</subfield></datafield><datafield tag="650" ind1=" " ind2="7"><subfield code="a">Klimaänderung</subfield><subfield code="0">(DE-Frei129)00060861</subfield><subfield code="0">(DE-588)4164199-1</subfield><subfield code="2">gnd</subfield></datafield><datafield tag="650" ind1=" " ind2="7"><subfield code="a">Meteorologie</subfield><subfield code="0">(DE-Frei129)00016500</subfield><subfield code="0">(DE-588)4038953-4</subfield><subfield code="2">gnd</subfield></datafield><datafield tag="650" ind1=" " ind2="7"><subfield code="a">Klimaänderung</subfield><subfield code="0">(DE-Frei129)00060861</subfield><subfield code="0">(DE-588)4164199-1</subfield><subfield code="2">gnd</subfield></datafield><datafield tag="655" ind1=" " ind2="7"><subfield code="a">Jugendsachbuch</subfield><subfield code="0">(DE-Frei129)00000471</subfield><subfield code="2">local</subfield></datafield><datafield tag="689" ind1="0" ind2="0"><subfield code="0">(DE-588)4038953-4</subfield><subfield code="D">s</subfield><subfield code="a">Meteorologie</subfield><subfield code="5">DE-101</subfield></datafield><datafield tag="689" ind1="1" ind2="0"><subfield code="0">(DE-588)4164199-1</subfield><subfield code="D">s</subfield><subfield code="a">Klimaänderung</subfield><subfield code="5">DE-101</subfield></datafield><datafield tag="852" ind1=" " ind2=" "><subfield code="a">Frei 129</subfield><subfield code="b">PHFR</subfield><subfield code="c">RB 10432 S779</subfield></datafield><datafield tag="856" ind1="4" ind2=" "><subfield code="8">00</subfield><subfield code="u">http://d-nb.info/986476951/04</subfield><subfield code="y">Inhaltsverzeichnis</subfield></datafield><datafield tag="980" ind1="0" ind2=" "><subfield code="a">00213900</subfield><subfield code="9">(PHFR)</subfield><subfield code="b">EG-Anbau (32)</subfield><subfield code="c">RB 10432 S779</subfield><subfield code="d">Standardleihe (01)</subfield><subfield code="e">Verfügbar (X)</subfield></datafield></record></collection>
